01REMESSA01COBRANCA       00000000000008017025HB SANTOS CONSTRUTORA E INCORP237BRADESCO       091121        MX0000141                                                                                                                                                                                                                                                                                     000001
100000000000000000000009033990000627000000000000000000000000010002020025035111211400000000002            2  01250351112124112100000002558750000000001N081121000000000000000000000000000000000000000000000000000000000000000100025035170802WANDERSON LUIS DE CARVALHO              RUA JOAQUIM GONCALVES ROCHA - 302 - JARD            02859030                                                            000002
2SR. CAIXA, APOS O VENCIMENTO COBRAR 2% DE MULTA                                 NAO RECEBER APOS 30 DIAS DO VENCIMENTO.                                                                                                                                                                                                         09112100000000000000911210000000000000       0090339900006270250351112114000003
100000000000000000000009033990000627000000000000000000000000010002020007294311211100000000002            2  01072943112124112100000003441520000000001N081121000000000000000000000000000000000000000000000000000000000000000100007294351805CLAUDENIR APARECIDO VACARI              RUA CARLOS JOSE BORSTENS - 50 AP.93 - AV            11702750                                                            000005
2SR. CAIXA, APOS O VENCIMENTO COBRAR 2% DE MULTA                                 NAO RECEBER APOS 30 DIAS DO VENCIMENTO.                                                                                                                                                                                                         09112100000000000000911210000000000000       0090339900006270072943112111000006
100000000000000000000009033990000627000000000000000000000000010002020007525011211700000000002            2  01075250112124112100000003849500000000001N081121000000000000000000000000000000000000000000000000000000000000000100007525032866FERNANDO RIBEIRO                        RUA CARLOS JOSE BORSTENS - 50 AP.32 - AV            11702750                                                            000008
2SR. CAIXA, APOS O VENCIMENTO COBRAR 2% DE MULTA                                 NAO RECEBER APOS 30 DIAS DO VENCIMENTO.                                                                                                                                                                                                         09112100000000000000911210000000000000       0090339900006270075250112117000009
100000000000000000000009033990000627000000000000000000000000010002020005071411211200000000002            2  01050714112124112100000003376760000000001N081121000000000000000000000000000000000000000000000000000000000000000100005071481855ERIBALDO SANTANA CARVALHO               RUA HONDURAS - 477 - PARQUE DAS AMERICAS            09351070                                                            000011
2SR. CAIXA, APOS O VENCIMENTO COBRAR 2% DE MULTA                                 NAO RECEBER APOS 30 DIAS DO VENCIMENTO.                                                                                                                                                                                                         09112100000000000000911210000000000000       0090339900006270050714112112000012
100000000000000000000009033990000627000000000000000000000000010002020002841711211600000000002            2  01028417112124112100000003159270000000001N081121000000000000000000000000000000000000000000000000000000000000000100002841756416LUCIANA PINHEIRO DE ASSIS NUNES         RUA RIO ACIMA - 81 - RIACHO GRANDE - SAO            09830100                                                            000014
2SR. CAIXA, APOS O VENCIMENTO COBRAR 2% DE MULTA                                 NAO RECEBER APOS 30 DIAS DO VENCIMENTO.                                                                                                                                                                                                         09112100000000000000911210000000000000       0090339900006270028417112116000015
100000000000000000000009033990000627000000000000000000000000010002020084302011211500000000002            2  01843020112124112100000003174410000000001N081121000000000000000000000000000000000000000000000000000000000000000100084302097868FAUSTO TADEU VILOR                      RUA ANTONIO TAVARES - 466 - BAIRRO CAMBU            01542010                                                            000017
2SR. CAIXA, APOS O VENCIMENTO COBRAR 2% DE MULTA                                 NAO RECEBER APOS 30 DIAS DO VENCIMENTO.                                                                                                                                                                                                         09112100000000000000911210000000000000       0090339900006270843020112115000018
100000000000000000000009033990000627000000000000000000000000010002020028804211211500000000002            2  01288042112124112100000003118900000000001N081121000000000000000000000000000000000000000000000000000000000000000100028804202882GILBERTO FABIANO CABRAL DE CAMARGO      RUA CARLOS JOSE BORSTENS - 50 AP.44 - AV            11702750                                                            000020
2SR. CAIXA, APOS O VENCIMENTO COBRAR 2% DE MULTA                                 NAO RECEBER APOS 30 DIAS DO VENCIMENTO.                                                                                                                                                                                                         09112100000000000000911210000000000000       0090339900006270288042112115000021
100000000000000000000009033990000627000000000000000000000000010002020000991711211800000000002            2  01009917112124112100000003044170000000001N081121000000000000000000000000000000000000000000000000000000000000000100000991748808JAILSON BORGES DE ANDRADE               RUA IPIOBUNA - 45 - JARDIM CUMBICA - GUA            07240040                                                            000023
2SR. CAIXA, APOS O VENCIMENTO COBRAR 2% DE MULTA                                 NAO RECEBER APOS 30 DIAS DO VENCIMENTO.                                                                                                                                                                                                         09112100000000000000911210000000000000       0090339900006270009917112118000024
100000000000000000000009033990000627000000000000000000000000010002020022151611211400000000002            2  01221516112124112100000003026480000000001N081121000000000000000000000000000000000000000000000000000000000000000100022151666816SAMIR LIMA DE ARAUJO                    AVENIDA GUARAPIRANGA - 2616 AP.131 BL.14            04902005                                                            000026
2SR. CAIXA, APOS O VENCIMENTO COBRAR 2% DE MULTA                                 NAO RECEBER APOS 30 DIAS DO VENCIMENTO.                                                                                                                                                                                                         09112100000000000000911210000000000000       0090339900006270221516112114000027
100000000000000000000009033990000627000000000000000000000000010002020022313111211600000000002            2  01223131112126112100000002328090000000001N081121000000000000000000000000000000000000000000000000000000000000000100022313116824ROSA MARIA BRITO DA SILVA               RUA SERVIDAO DE SAO MARCOS - 113 - JARDI            04930300                                                            000029
2SR. CAIXA, APOS O VENCIMENTO COBRAR 2% DE MULTA                                 NAO RECEBER APOS 30 DIAS DO VENCIMENTO.                                                                                                                                                                                                         09112100000000000000911210000000000000       0090339900006270223131112116000030
100000000000000000000009033990000627000000000000000000000000010002020027538011211800000000002            2  01275380112126112100000002336210000000001N081121000000000000000000000000000000000000000000000000000000000000000100027538087249MARA LUCIA MENEZES DA COSTA             RUA LEILA  - 183 - ITAQUERA - SAO PAULO             08240020                                                            000032
2SR. CAIXA, APOS O VENCIMENTO COBRAR 2% DE MULTA                                 NAO RECEBER APOS 30 DIAS DO VENCIMENTO.                                                                                                                                                                                                         09112100000000000000911210000000000000       0090339900006270275380112118000033
100000000000000000000009033990000627000000000000000000000000010002020031278411211400000000002            2  01312784112124112100000002923680000000001N081121000000000000000000000000000000000000000000000000000000000000000100031278411836JEFFERSON DE PIERI PIRES ZAMUNER        RUA MANOEL ARCE - 277 - PARQUE BANCARIO             03922150                                                            000035
2SR. CAIXA, APOS O VENCIMENTO COBRAR 2% DE MULTA                                 NAO RECEBER APOS 30 DIAS DO VENCIMENTO.                                                                                                                                                                                                         09112100000000000000911210000000000000       0090339900006270312784112114000036
100000000000000000000009033990000627000000000000000000000000010002020019185711211600000000002            2  01191857112126112100000002126010000000001N081121000000000000000000000000000000000000000000000000000000000000000100019185769800AGUINALDO PESSOA DE LIMA                RUA JANUARIO ZINGARO - 252 AP.303 BL.04             05794300                                                            000038
2SR. CAIXA, APOS O VENCIMENTO COBRAR 2% DE MULTA                                 NAO RECEBER APOS 30 DIAS DO VENCIMENTO.                                                                                                                                                                                                         09112100000000000000911210000000000000       0090339900006270191857112116000039
100000000000000000000009033990000627000000000000000000000000010002020033303611211700000000002            2  01333036112126112100000002289890000000001N081121000000000000000000000000000000000000000000000000000000000000000100033303645809JESSICA DA SILVA FREITAS                RUA ARILDO VALADAO - 120 - JARDIM GUAEMB            04814600                                                            000041
2SR. CAIXA, APOS O VENCIMENTO COBRAR 2% DE MULTA                                 NAO RECEBER APOS 30 DIAS DO VENCIMENTO.                                                                                                                                                                                                         09112100000000000000911210000000000000       0090339900006270333036112117000042
100000000000000000000009033990000627000000000000000000000000010002020006422611211200000000002            2  01064226112124112100000003166410000000001N081121000000000000000000000000000000000000000000000000000000000000000100006422607881GERALDO ALVES DA SILVA                  RUA CARLOS JOSE BORSTENS - 50 AP.14 - AV            11702750                                                            000044
2SR. CAIXA, APOS O VENCIMENTO COBRAR 2% DE MULTA                                 NAO RECEBER APOS 30 DIAS DO VENCIMENTO.                                                                                                                                                                                                         09112100000000000000911210000000000000       0090339900006270064226112112000045
100000000000000000000009033990000627000000000000000000000000010002020033877111211400000000002            2  01338771112126112100000002146840000000001N081121000000000000000000000000000000000000000000000000000000000000000100033877129870HELDER FERREIRA VIANA                   RUA JOSE CALIXTO DO CARMO - 286 AP.35 -             11702690                                                            000047
2SR. CAIXA, APOS O VENCIMENTO COBRAR 2% DE MULTA                                 NAO RECEBER APOS 30 DIAS DO VENCIMENTO.                                                                                                                                                                                                         09112100000000000000911210000000000000       0090339900006270338771112114000048
100000000000000000000009033990000627000000000000000000000000010002020028290711211800000000002            2  01282907112126112100000001978600000000001N081121000000000000000000000000000000000000000000000000000000000000000100028290719809VANESSA GIANGARRELLI PEREIRA            RUA BARINEL - 72 - JARDIM COTCHING - SAO            03462130                                                            000050
2SR. CAIXA, APOS O VENCIMENTO COBRAR 2% DE MULTA                                 NAO RECEBER APOS 30 DIAS DO VENCIMENTO.                                                                                                                                                                                                         09112100000000000000911210000000000000       0090339900006270282907112118000051
100000000000000000000009033990000627000000000000000000000000010002020028290711212600000000002            2  01282907112126112100000001978590000000001N081121000000000000000000000000000000000000000000000000000000000000000100028290719809VANESSA GIANGARRELLI PEREIRA            RUA BARINEL - 72 - JARDIM COTCHING - SAO            03462130                                                            000053
2SR. CAIXA, APOS O VENCIMENTO COBRAR 2% DE MULTA                                 NAO RECEBER APOS 30 DIAS DO VENCIMENTO.                                                                                                                                                                                                         09112100000000000000911210000000000000       0090339900006270282907112126000054
100000000000000000000009033990000627000000000000000000000000010002020087573011211300000000002            2  01875730112126112100000002160600000000001N081121000000000000000000000000000000000000000000000000000000000000000100087573059604VANDERLEY DE ASSIS                      RUA ROMEU ALBANI - 268 - JARDIM PARQUE R            13803810                                                            000056
2SR. CAIXA, APOS O VENCIMENTO COBRAR 2% DE MULTA                                 NAO RECEBER APOS 30 DIAS DO VENCIMENTO.                                                                                                                                                                                                         09112100000000000000911210000000000000       0090339900006270875730112113000057
100000000000000000000009033990000627000000000000000000000000010002020010825511211000000000002            2  01108255112126112100000002254690000000001N081121000000000000000000000000000000000000000000000000000000000000000100010825513847JOSE APARECIDO PEREIRA                  RUA GENERAL OSORIO - 305 - JARDIM TRINTA            11515130                                                            000059
2SR. CAIXA, APOS O VENCIMENTO COBRAR 2% DE MULTA                                 NAO RECEBER APOS 30 DIAS DO VENCIMENTO.                                                                                                                                                                                                         09112100000000000000911210000000000000       0090339900006270108255112110000060
100000000000000000000009033990000627000000000000000000000000010002020039115111211200000000002            2  01391151112126112100000002779310000000001N081121000000000000000000000000000000000000000000000000000000000000000100039115139840LAIS CRISTINA RIBEIRO ANDO              RUA JOSE CALIXTO DO CARMO - 286 AP.65 -             11702690                                                            000062
2SR. CAIXA, APOS O VENCIMENTO COBRAR 2% DE MULTA                                 NAO RECEBER APOS 30 DIAS DO VENCIMENTO.                                                                                                                                                                                                         09112100000000000000911210000000000000       0090339900006270391151112112000063
100000000000000000000009033990000627000000000000000000000000010002020029617511211000000000002            2  01296175112124112100000003107920000000001N081121000000000000000000000000000000000000000000000000000000000000000100029617510553MARILENE SOUZA DE OLIVEIRA              AVENIDA BRASIL - 393 AP.09 - PARQUE DAS             09210280                                                            000065
2SR. CAIXA, APOS O VENCIMENTO COBRAR 2% DE MULTA                                 NAO RECEBER APOS 30 DIAS DO VENCIMENTO.                                                                                                                                                                                                         09112100000000000000911210000000000000       0090339900006270296175112110000066
100000000000000000000009033990000627000000000000000000000000010002020000593211211000000000002            2  01005932112124112100000003408640000000001N081121000000000000000000000000000000000000000000000000000000000000000100000593293860WALTER HELIO BARBOSA FILHO              AVENIDA ANTONIO FREDERICO OZANAN - 9500             13214206                                                            000068
2SR. CAIXA, APOS O VENCIMENTO COBRAR 2% DE MULTA                                 NAO RECEBER APOS 30 DIAS DO VENCIMENTO.                                                                                                                                                                                                         09112100000000000000911210000000000000       0090339900006270005932112110000069
100000000000000000000009033990000627000000000000000000000000010002020065584111211200000000002            2  01655841112124112100000001789360000000001N081121000000000000000000000000000000000000000000000000000000000000000100065584147834JOAQUIM DA COSTA MACHADO NETO           RUA CARLOS JOSE BORSTENS - 50 AP.42 - AV            11702750                                                            000071
2SR. CAIXA, APOS O VENCIMENTO COBRAR 2% DE MULTA                                 NAO RECEBER APOS 30 DIAS DO VENCIMENTO.                                                                                                                                                                                                         09112100000000000000911210000000000000       0090339900006270655841112112000072
100000000000000000000009033990000627000000000000000000000000010002020065584111212000000000002            2  01655841112124112100000001789350000000001N081121000000000000000000000000000000000000000000000000000000000000000100065584147834JOAQUIM DA COSTA MACHADO NETO           RUA CARLOS JOSE BORSTENS - 50 AP.42 - AV            11702750                                                            000074
2SR. CAIXA, APOS O VENCIMENTO COBRAR 2% DE MULTA                                 NAO RECEBER APOS 30 DIAS DO VENCIMENTO.                                                                                                                                                                                                         09112100000000000000911210000000000000       0090339900006270655841112120000075
100000000000000000000009033990000627000000000000000000000000010002020006684611211500000000002            2  01066846112126112100000002289610000000001N081121000000000000000000000000000000000000000000000000000000000000000100006684623884LAUDINOR VIEIRA GARCIA                  RUA CANDIDO SALES - 374 - JARDIM PRESIDE            07172000                                                            000077
2SR. CAIXA, APOS O VENCIMENTO COBRAR 2% DE MULTA                                 NAO RECEBER APOS 30 DIAS DO VENCIMENTO.                                                                                                                                                                                                         09112100000000000000911210000000000000       0090339900006270066846112115000078
100000000000000000000009033990000627000000000000000000000000010002020011663511211600000000002            2  01116635112126112100000002306080000000001N081121000000000000000000000000000000000000000000000000000000000000000100011663589844MARIA SAVIO QUARELLO                    AVENIDA MENDONCA DRUMOND - 321 - JARDIM             03524030                                                            000080
2SR. CAIXA, APOS O VENCIMENTO COBRAR 2% DE MULTA                                 NAO RECEBER APOS 30 DIAS DO VENCIMENTO.                                                                                                                                                                                                         09112100000000000000911210000000000000       0090339900006270116635112116000081
100000000000000000000009033990000627000000000000000000000000010002020010083811211800000000002            2  01100838112126112100000002228060000000001N081121000000000000000000000000000000000000000000000000000000000000000100010083824855IONE FERREIRA COUTO DA SILVA            RUA JOSE RAGEL DE MESQUITA - 60 CS.01 -             07799999                                                            000083
2SR. CAIXA, APOS O VENCIMENTO COBRAR 2% DE MULTA                                 NAO RECEBER APOS 30 DIAS DO VENCIMENTO.                                                                                                                                                                                                         09112100000000000000911210000000000000       0090339900006270100838112118000084
100000000000000000000009033990000627000000000000000000000000010002020031010711211300000000002            2  01310107112126112100000002186450000000001N081121000000000000000000000000000000000000000000000000000000000000000100031010705890ANDRE GONZALEZ RABELLO                  RUA PARAIBA - 106 AP.61 - POMPEIA - SANT            11065470                                                            000086
2SR. CAIXA, APOS O VENCIMENTO COBRAR 2% DE MULTA                                 NAO RECEBER APOS 30 DIAS DO VENCIMENTO.                                                                                                                                                                                                         09112100000000000000911210000000000000       0090339900006270310107112113000087
100000000000000000000009033990000627000000000000000000000000010002020005351011211200000000002            2  01053510112126112100000002050010000000001N081121000000000000000000000000000000000000000000000000000000000000000100005351015897VALERIA ALVES MARCOLINO HINNIGER        RUA JOSE CALIXTO DO CARMO - 286 AP.92 -             11702690                                                            000089
2SR. CAIXA, APOS O VENCIMENTO COBRAR 2% DE MULTA                                 NAO RECEBER APOS 30 DIAS DO VENCIMENTO.                                                                                                                                                                                                         09112100000000000000911210000000000000       0090339900006270053510112112000090
100000000000000000000009033990000627000000000000000000000000010002020031898711211800000000002            2  01318987112124112100000003261520000000001N081121000000000000000000000000000000000000000000000000000000000000000100031898775800ANITA MARTINS COLOMBO                   RUA CARLOS JOSE BORSTENS - 50 AP.115 - A            11702750                                                            000092
2SR. CAIXA, APOS O VENCIMENTO COBRAR 2% DE MULTA                                 NAO RECEBER APOS 30 DIAS DO VENCIMENTO.                                                                                                                                                                                                         09112100000000000000911210000000000000       0090339900006270318987112118000093
100000000000000000000009033990000627000000000000000000000000010002020037983411211800000000002            2  01379834112126112100000002408120000000001N081121000000000000000000000000000000000000000000000000000000000000000100037983484801JOSE ERIVALDO SOUZA DO NASCIMENTO RAMOS RUA LETICIA - 250 - JARDIM GUARUJA - SAO            05877260                                                            000095
2SR. CAIXA, APOS O VENCIMENTO COBRAR 2% DE MULTA                                 NAO RECEBER APOS 30 DIAS DO VENCIMENTO.                                                                                                                                                                                                         09112100000000000000911210000000000000       0090339900006270379834112118000096
100000000000000000000009033990000627000000000000000000000000010002020056289211211900000000002            2  01562892112126112100000001819200000000001N081121000000000000000000000000000000000000000000000000000000000000000100056289286900PEDRO RIBEIRO                           RUA CONEGO MANOEL VAZ - 48 - SANTANA - S            02019050                                                            000098
2SR. CAIXA, APOS O VENCIMENTO COBRAR 2% DE MULTA                                 NAO RECEBER APOS 30 DIAS DO VENCIMENTO.                                                                                                                                                                                                         09112100000000000000911210000000000000       0090339900006270562892112119000099
100000000000000000000009033990000627000000000000000000000000010002020034735311211500000000002            2  01347353112126112100000002496750000000001N081121000000000000000000000000000000000000000000000000000000000000000100034735328866DIEGO FELIPE MOLINA DA SILVA E SOUSA    RUA EMILIA PAULISTA - 135 - VILA TIRADEN            05364020                                                            000101
2SR. CAIXA, APOS O VENCIMENTO COBRAR 2% DE MULTA                                 NAO RECEBER APOS 30 DIAS DO VENCIMENTO.                                                                                                                                                                                                         09112100000000000000911210000000000000       0090339900006270347353112115000102
100000000000000000000009033990000627000000000000000000000000010002020076175611211600000000002            2  01761756112124112100000004526300000000001N081121000000000000000000000000000000000000000000000000000000000000000100076175685687GILMAR DE OLIVEIRA BRAGA                RUA MARACAJU - 161 AP.202 - NOVA GRANADA            30431350                                                            000104
2SR. CAIXA, APOS O VENCIMENTO COBRAR 2% DE MULTA                                 NAO RECEBER APOS 30 DIAS DO VENCIMENTO.                                                                                                                                                                                                         09112100000000000000911210000000000000       0090339900006270761756112116000105
100000000000000000000009033990000627000000000000000000000000010002020034812211211900000000002            2  01348122112124112100000004316770000000001N081121000000000000000000000000000000000000000000000000000000000000000100034812226880THAIS TORQUATO MIMOSO DE JESUS          RUA ARNALDO CINTRA - 416 AP.104 TORRE 2             03088000                                                            000107
2SR. CAIXA, APOS O VENCIMENTO COBRAR 2% DE MULTA                                 NAO RECEBER APOS 30 DIAS DO VENCIMENTO.                                                                                                                                                                                                         09112100000000000000911210000000000000       0090339900006270348122112119000108
100000000000000000000009033990000627000000000000000000000000010002020012849411211500000000002            2  01128494112126112100000004301230000000001N081121000000000000000000000000000000000000000000000000000000000000000100012849428809MOISES CLAUDIO DO ROSARIO               AVENIDA DR. AUGUSTO DE TOLEDO - 510 AP.1            09541520                                                            000110
2SR. CAIXA, APOS O VENCIMENTO COBRAR 2% DE MULTA                                 NAO RECEBER APOS 30 DIAS DO VENCIMENTO.                                                                                                                                                                                                         09112100000000000000911210000000000000       0090339900006270128494112115000111
100000000000000000000009033990000627000000000000000000000000010002020015702311211500000000002            2  01157023112126112100000002386400000000001N081121000000000000000000000000000000000000000000000000000000000000000100015702353846MARIA DE LOURDES DE MACENO SOUZA        RUA JOSE CALIXTO DO CARMO - 286 AP.83 -             11702690                                                            000113
2SR. CAIXA, APOS O VENCIMENTO COBRAR 2% DE MULTA                                 NAO RECEBER APOS 30 DIAS DO VENCIMENTO.                                                                                                                                                                                                         09112100000000000000911210000000000000       0090339900006270157023112115000114
100000000000000000000009033990000627000000000000000000000000010002020003658611211P00000000002            2  01036586112126112100000001776920000000001N081121000000000000000000000000000000000000000000000000000000000000000100003658668814MARINEZ VALENTIN                        RUA JOSE CALIXTO DO CARMO - 286 AP.95 -             11702690                                                            000116
2SR. CAIXA, APOS O VENCIMENTO COBRAR 2% DE MULTA                                 NAO RECEBER APOS 30 DIAS DO VENCIMENTO.                                                                                                                                                                                                         09112100000000000000911210000000000000       009033990000627003658611211P000117
100000000000000000000009033990000627000000000000000000000000010002020003658611212800000000002            2  01036586112126112100000001776910000000001N081121000000000000000000000000000000000000000000000000000000000000000100003658668814MARINEZ VALENTIN                        RUA JOSE CALIXTO DO CARMO - 286 AP.95 -             11702690                                                            000119
2SR. CAIXA, APOS O VENCIMENTO COBRAR 2% DE MULTA                                 NAO RECEBER APOS 30 DIAS DO VENCIMENTO.                                                                                                                                                                                                         09112100000000000000911210000000000000       0090339900006270036586112128000120
100000000000000000000009033990000627000000000000000000000000010002020014087411211800000000002            2  01140874112126112100000002374710000000001N081121000000000000000000000000000000000000000000000000000000000000000100014087484874SERGIO SANTOS DO NASCIMENTO             RUA JOSE CALIXTO DO CARMO - 286 AP.52 -             11702690                                                            000122
2SR. CAIXA, APOS O VENCIMENTO COBRAR 2% DE MULTA                                 NAO RECEBER APOS 30 DIAS DO VENCIMENTO.                                                                                                                                                                                                         09112100000000000000911210000000000000       0090339900006270140874112118000123
100000000000000000000009033990000627000000000000000000000000010002020026834511211700000000002            2  01268345112126112100000002188010000000001N081121000000000000000000000000000000000000000000000000000000000000000100026834550895RAQUEL CARDOSO JOAO                     RUA PEDROSO XAVIER - 277 AP.23 TORRE 01             02732020                                                            000125
2SR. CAIXA, APOS O VENCIMENTO COBRAR 2% DE MULTA                                 NAO RECEBER APOS 30 DIAS DO VENCIMENTO.                                                                                                                                                                                                         09112100000000000000911210000000000000       0090339900006270268345112117000126
100000000000000000000009033990000627000000000000000000000000010002020039540011211500000000002            2  01395400112126112100000002151110000000001N081121000000000000000000000000000000000000000000000000000000000000000100039540008816LUZINETE CLARINDO SILVA                 RUA DEINOS - 275 - BAIRRO CIDADE SATELIT            08340100                                                            000128
2SR. CAIXA, APOS O VENCIMENTO COBRAR 2% DE MULTA                                 NAO RECEBER APOS 30 DIAS DO VENCIMENTO.                                                                                                                                                                                                         09112100000000000000911210000000000000       0090339900006270395400112115000129
100000000000000000000009033990000627000000000000000000000000010002020003311011211200000000002            2  01033110112126112100000002240120000000001N081121000000000000000000000000000000000000000000000000000000000000000100003311030877SEBASTIAO SARUVA NETO                   RUA HAMILTON REGIS - 559 - BAIRRO DO LIM            08051440                                                            000131
2SR. CAIXA, APOS O VENCIMENTO COBRAR 2% DE MULTA                                 NAO RECEBER APOS 30 DIAS DO VENCIMENTO.                                                                                                                                                                                                         09112100000000000000911210000000000000       0090339900006270033110112112000132
100000000000000000000009033990000627000000000000000000000000010002020090091911211900000000002            2  01900919112126112100000002141240000000001N081121000000000000000000000000000000000000000000000000000000000000000100090091990882JUECIR CARVALHO DA LUZ                  RUA JOSE CALIXTO DO CARMO - 286 AP.114 -            11702690                                                            000134
2SR. CAIXA, APOS O VENCIMENTO COBRAR 2% DE MULTA                                 NAO RECEBER APOS 30 DIAS DO VENCIMENTO.                                                                                                                                                                                                         09112100000000000000911210000000000000       0090339900006270900919112119000135
100000000000000000000009033990000627000000000000000000000000010002020037325911211000000000002            2  01373259112126112100000001752310000000001N081121000000000000000000000000000000000000000000000000000000000000000100037325923830MARIA AUGUSTA OLIVEIRA DE ANDRADE       RUA CAIAPOS - 842 AP.63 - VILA TUPI - PR            11703320                                                            000137
2SR. CAIXA, APOS O VENCIMENTO COBRAR 2% DE MULTA                                 NAO RECEBER APOS 30 DIAS DO VENCIMENTO.                                                                                                                                                                                                         09112100000000000000911210000000000000       0090339900006270373259112110000138
100000000000000000000009033990000627000000000000000000000000010002020012478811211800000000002            2  01124788112124112100000003190170000000001N081121000000000000000000000000000000000000000000000000000000000000000100012478899809VITORIA BATISTA QUEIROZ                 RUA CARVALHO DE FREITAS - 255 AP.71A - V            05728030                                                            000140
2SR. CAIXA, APOS O VENCIMENTO COBRAR 2% DE MULTA                                 NAO RECEBER APOS 30 DIAS DO VENCIMENTO.                                                                                                                                                                                                         09112100000000000000911210000000000000       0090339900006270124788112118000141
100000000000000000000009033990000627000000000000000000000000010002020097989911211200000000002            2  01979899112126112100000001471120000000001N081121000000000000000000000000000000000000000000000000000000000000000100097989924820NELSON LUIS BERRIBILLE                  RUA SILVEIRA IGNACIO SOBRINHO - 965 - VI            13560294                                                            000143
2SR. CAIXA, APOS O VENCIMENTO COBRAR 2% DE MULTA                                 NAO RECEBER APOS 30 DIAS DO VENCIMENTO.                                                                                                                                                                                                         09112100000000000000911210000000000000       0090339900006270979899112112000144
100000000000000000000009033990000627000000000000000000000000010002020032341811211100000000002            2  01323418112124112100000003313670000000001N081121000000000000000000000000000000000000000000000000000000000000000100032341847803PRISCILA ALVES DE FRANCA MIRANDA        RUA CARLOS JOSE BORSTENS - 50 AP.91 - AV            11702750                                                            000146
2SR. CAIXA, APOS O VENCIMENTO COBRAR 2% DE MULTA                                 NAO RECEBER APOS 30 DIAS DO VENCIMENTO.                                                                                                                                                                                                         09112100000000000000911210000000000000       0090339900006270323418112111000147
100000000000000000000009033990000627000000000000000000000000010002020016050611211700000000002            2  01160506112124112100000003075730000000001N081121000000000000000000000000000000000000000000000000000000000000000100016050684898ANDRE RODRIGUES DE OLIVEIRA             RUA CORACAO PAULISTA - 14 - FAZENDA ITAI            08132430                                                            000149
2SR. CAIXA, APOS O VENCIMENTO COBRAR 2% DE MULTA                                 NAO RECEBER APOS 30 DIAS DO VENCIMENTO.                                                                                                                                                                                                         09112100000000000000911210000000000000       0090339900006270160506112117000150
100000000000000000000009033990000627000000000000000000000000010002020021464911211000000000002            2  01214649112124112100000004847440000000001N081121000000000000000000000000000000000000000000000000000000000000000100021464965846ANDREA APARECIDA DE OLIVEIRA PECCI      RUA ANTONIO BOZ MARFIL - 103 - PARQUE DO            05396020                                                            000152
2SR. CAIXA, APOS O VENCIMENTO COBRAR 2% DE MULTA                                 NAO RECEBER APOS 30 DIAS DO VENCIMENTO.                                                                                                                                                                                                         09112100000000000000911210000000000000       0090339900006270214649112110000153
100000000000000000000009033990000627000000000000000000000000010002020030348111211200000000002            2  01303481112124112100000002937060000000001N081121000000000000000000000000000000000000000000000000000000000000000100030348198892KELLY CRISTINA CORDEIRO                 RUA CARLOS JOSE BORSTENS - 50 AP.25 - AV            11702750                                                            000155
2SR. CAIXA, APOS O VENCIMENTO COBRAR 2% DE MULTA                                 NAO RECEBER APOS 30 DIAS DO VENCIMENTO.                                                                                                                                                                                                         09112100000000000000911210000000000000       0090339900006270303481112112000156
9                                                                                                                                                                                                                                                                                                                                                                                                         000157