01REMESSA01COBRANCA       00000000000008017025HB SANTOS CONSTRUTORA E INCORP237BRADESCO       080422        MX0000151                                                                                                                                                                                                                                                                                     000001
100000000000000000000009033990000627000000000000000000000000010002020025035104221300000000002            2  01250351042224042200000002663940000000001N080422000000000000000000000000000000000000000000000000000000000000000100025035170802WANDERSON LUIS DE CARVALHO              RUA JOAQUIM GONCALVES ROCHA - 302 - JARD            02859030                                                            000002
2SR. CAIXA, APOS O VENCIMENTO COBRAR 2% DE MULTA                                 NAO RECEBER APOS 30 DIAS DO VENCIMENTO.                                                                                                                                                                                                         08042200000000000000804220000000000000       0090339900006270250351042213000003
100000000000000000000009033990000627000000000000000000000000010002020007294304221000000000002            2  01072943042224042200000003583000000000001N080422000000000000000000000000000000000000000000000000000000000000000100007294351805CLAUDENIR APARECIDO VACARI              RUA CARLOS JOSE BORSTENS - 50 AP.93 - AV            11702750                                                            000005
2SR. CAIXA, APOS O VENCIMENTO COBRAR 2% DE MULTA                                 NAO RECEBER APOS 30 DIAS DO VENCIMENTO.                                                                                                                                                                                                         08042200000000000000804220000000000000       0090339900006270072943042210000006
100000000000000000000009033990000627000000000000000000000000010002020007525004221600000000002            2  01075250042224042200000004007760000000001N080422000000000000000000000000000000000000000000000000000000000000000100007525032866FERNANDO RIBEIRO                        RUA CARLOS JOSE BORSTENS - 50 AP.32 - AV            11702750                                                            000008
2SR. CAIXA, APOS O VENCIMENTO COBRAR 2% DE MULTA                                 NAO RECEBER APOS 30 DIAS DO VENCIMENTO.                                                                                                                                                                                                         08042200000000000000804220000000000000       0090339900006270075250042216000009
100000000000000000000009033990000627000000000000000000000000010002020005071404221100000000002            2  01050714042224042200000003515580000000001N080422000000000000000000000000000000000000000000000000000000000000000100005071481855ERIBALDO SANTANA CARVALHO               RUA HONDURAS - 477 - PARQUE DAS AMERICAS            09351070                                                            000011
2SR. CAIXA, APOS O VENCIMENTO COBRAR 2% DE MULTA                                 NAO RECEBER APOS 30 DIAS DO VENCIMENTO.                                                                                                                                                                                                         08042200000000000000804220000000000000       0090339900006270050714042211000012
100000000000000000000009033990000627000000000000000000000000010002020002841704221500000000002            2  01028417042224042200000003289140000000001N080422000000000000000000000000000000000000000000000000000000000000000100002841756416LUCIANA PINHEIRO DE ASSIS NUNES         RUA RIO ACIMA - 81 - RIACHO GRANDE - SAO            09830100                                                            000014
2SR. CAIXA, APOS O VENCIMENTO COBRAR 2% DE MULTA                                 NAO RECEBER APOS 30 DIAS DO VENCIMENTO.                                                                                                                                                                                                         08042200000000000000804220000000000000       0090339900006270028417042215000015
100000000000000000000009033990000627000000000000000000000000010002020084302004221400000000002            2  01843020042224042200000003304920000000001N080422000000000000000000000000000000000000000000000000000000000000000100084302097868FAUSTO TADEU VILOR                      RUA ANTONIO TAVARES - 466 - BAIRRO CAMBU            01542010                                                            000017
2SR. CAIXA, APOS O VENCIMENTO COBRAR 2% DE MULTA                                 NAO RECEBER APOS 30 DIAS DO VENCIMENTO.                                                                                                                                                                                                         08042200000000000000804220000000000000       0090339900006270843020042214000018
100000000000000000000009033990000627000000000000000000000000010002020028804204221400000000002            2  01288042042224042200000003247110000000001N080422000000000000000000000000000000000000000000000000000000000000000100028804202882GILBERTO FABIANO CABRAL DE CAMARGO      RUA CARLOS JOSE BORSTENS - 50 AP.44 - AV            11702750                                                            000020
2SR. CAIXA, APOS O VENCIMENTO COBRAR 2% DE MULTA                                 NAO RECEBER APOS 30 DIAS DO VENCIMENTO.                                                                                                                                                                                                         08042200000000000000804220000000000000       0090339900006270288042042214000021
100000000000000000000009033990000627000000000000000000000000010002020000991704221700000000002            2  01009917042224042200000003169320000000001N080422000000000000000000000000000000000000000000000000000000000000000100000991748808JAILSON BORGES DE ANDRADE               RUA IPIOBUNA - 45 - JARDIM CUMBICA - GUA            07240040                                                            000023
2SR. CAIXA, APOS O VENCIMENTO COBRAR 2% DE MULTA                                 NAO RECEBER APOS 30 DIAS DO VENCIMENTO.                                                                                                                                                                                                         08042200000000000000804220000000000000       0090339900006270009917042217000024
100000000000000000000009033990000627000000000000000000000000010002020022151604221300000000002            2  01221516042224042200000003150910000000001N080422000000000000000000000000000000000000000000000000000000000000000100022151666816SAMIR LIMA DE ARAUJO                    AVENIDA GUARAPIRANGA - 2616 AP.131 BL.14            04902005                                                            000026
2SR. CAIXA, APOS O VENCIMENTO COBRAR 2% DE MULTA                                 NAO RECEBER APOS 30 DIAS DO VENCIMENTO.                                                                                                                                                                                                         08042200000000000000804220000000000000       0090339900006270221516042213000027
100000000000000000000009033990000627000000000000000000000000010002020022313104221500000000002            2  01223131042226042200000002423640000000001N080422000000000000000000000000000000000000000000000000000000000000000100022313116824ROSA MARIA BRITO DA SILVA               RUA SERVIDAO DE SAO MARCOS - 113 - JARDI            04930300                                                            000029
2SR. CAIXA, APOS O VENCIMENTO COBRAR 2% DE MULTA                                 NAO RECEBER APOS 30 DIAS DO VENCIMENTO.                                                                                                                                                                                                         08042200000000000000804220000000000000       0090339900006270223131042215000030
100000000000000000000009033990000627000000000000000000000000010002020027538004221700000000002            2  01275380042226042200000002432080000000001N080422000000000000000000000000000000000000000000000000000000000000000100027538087249MARA LUCIA MENEZES DA COSTA             RUA LEILA  - 183 - ITAQUERA - SAO PAULO             08240020                                                            000032
2SR. CAIXA, APOS O VENCIMENTO COBRAR 2% DE MULTA                                 NAO RECEBER APOS 30 DIAS DO VENCIMENTO.                                                                                                                                                                                                         08042200000000000000804220000000000000       0090339900006270275380042217000033
100000000000000000000009033990000627000000000000000000000000010002020031278404221300000000002            2  01312784042224042200000003043870000000001N080422000000000000000000000000000000000000000000000000000000000000000100031278411836JEFFERSON DE PIERI PIRES ZAMUNER        RUA MANOEL ARCE - 277 - PARQUE BANCARIO             03922150                                                            000035
2SR. CAIXA, APOS O VENCIMENTO COBRAR 2% DE MULTA                                 NAO RECEBER APOS 30 DIAS DO VENCIMENTO.                                                                                                                                                                                                         08042200000000000000804220000000000000       0090339900006270312784042213000036
100000000000000000000009033990000627000000000000000000000000010002020019185704221500000000002            2  01191857042226042200000002213260000000001N080422000000000000000000000000000000000000000000000000000000000000000100019185769800AGUINALDO PESSOA DE LIMA                RUA JANUARIO ZINGARO - 252 AP.303 BL.04             05794300                                                            000038
2SR. CAIXA, APOS O VENCIMENTO COBRAR 2% DE MULTA                                 NAO RECEBER APOS 30 DIAS DO VENCIMENTO.                                                                                                                                                                                                         08042200000000000000804220000000000000       0090339900006270191857042215000039
100000000000000000000009033990000627000000000000000000000000010002020033303604221600000000002            2  01333036042226042200000002383850000000001N080422000000000000000000000000000000000000000000000000000000000000000100033303645809JESSICA DA SILVA FREITAS                RUA ARILDO VALADAO - 120 - JARDIM GUAEMB            04814600                                                            000041
2SR. CAIXA, APOS O VENCIMENTO COBRAR 2% DE MULTA                                 NAO RECEBER APOS 30 DIAS DO VENCIMENTO.                                                                                                                                                                                                         08042200000000000000804220000000000000       0090339900006270333036042216000042
100000000000000000000009033990000627000000000000000000000000010002020006422604221100000000002            2  01064226042224042200000003296580000000001N080422000000000000000000000000000000000000000000000000000000000000000100006422607881GERALDO ALVES DA SILVA                  RUA CARLOS JOSE BORSTENS - 50 AP.14 - AV            11702750                                                            000044
2SR. CAIXA, APOS O VENCIMENTO COBRAR 2% DE MULTA                                 NAO RECEBER APOS 30 DIAS DO VENCIMENTO.                                                                                                                                                                                                         08042200000000000000804220000000000000       0090339900006270064226042211000045
100000000000000000000009033990000627000000000000000000000000010002020033877104221300000000002            2  01338771042226042200000002234940000000001N080422000000000000000000000000000000000000000000000000000000000000000100033877129870HELDER FERREIRA VIANA                   RUA JOSE CALIXTO DO CARMO - 286 AP.35 -             11702690                                                            000047
2SR. CAIXA, APOS O VENCIMENTO COBRAR 2% DE MULTA                                 NAO RECEBER APOS 30 DIAS DO VENCIMENTO.                                                                                                                                                                                                         08042200000000000000804220000000000000       0090339900006270338771042213000048
100000000000000000000009033990000627000000000000000000000000010002020028290704221700000000002            2  01282907042226042200000002059800000000001N080422000000000000000000000000000000000000000000000000000000000000000100028290719809VANESSA GIANGARRELLI PEREIRA            RUA BARINEL - 72 - JARDIM COTCHING - SAO            03462130                                                            000050
2SR. CAIXA, APOS O VENCIMENTO COBRAR 2% DE MULTA                                 NAO RECEBER APOS 30 DIAS DO VENCIMENTO.                                                                                                                                                                                                         08042200000000000000804220000000000000       0090339900006270282907042217000051
100000000000000000000009033990000627000000000000000000000000010002020087573004221200000000002            2  01875730042226042200000002249270000000001N080422000000000000000000000000000000000000000000000000000000000000000100087573059604VANDERLEY DE ASSIS                      RUA ROMEU ALBANI - 268 - JARDIM PARQUE R            13803810                                                            000053
2SR. CAIXA, APOS O VENCIMENTO COBRAR 2% DE MULTA                                 NAO RECEBER APOS 30 DIAS DO VENCIMENTO.                                                                                                                                                                                                         08042200000000000000804220000000000000       0090339900006270875730042212000054
100000000000000000000009033990000627000000000000000000000000010002020010825504221P00000000002            2  01108255042226042200000002347220000000001N080422000000000000000000000000000000000000000000000000000000000000000100010825513847JOSE APARECIDO PEREIRA                  RUA GENERAL OSORIO - 305 - JARDIM TRINTA            11515130                                                            000056
2SR. CAIXA, APOS O VENCIMENTO COBRAR 2% DE MULTA                                 NAO RECEBER APOS 30 DIAS DO VENCIMENTO.                                                                                                                                                                                                         08042200000000000000804220000000000000       009033990000627010825504221P000057
100000000000000000000009033990000627000000000000000000000000010002020039115104221100000000002            2  01391151042226042200000002893360000000001N080422000000000000000000000000000000000000000000000000000000000000000100039115139840LAIS CRISTINA RIBEIRO ANDO              RUA JOSE CALIXTO DO CARMO - 286 AP.65 -             11702690                                                            000059
2SR. CAIXA, APOS O VENCIMENTO COBRAR 2% DE MULTA                                 NAO RECEBER APOS 30 DIAS DO VENCIMENTO.                                                                                                                                                                                                         08042200000000000000804220000000000000       0090339900006270391151042211000060
100000000000000000000009033990000627000000000000000000000000010002020029617504221P00000000002            2  01296175042224042200000003235690000000001N080422000000000000000000000000000000000000000000000000000000000000000100029617510553MARILENE SOUZA DE OLIVEIRA              RUA DAS MONCOES - 460 AP.95 - BAIRRO JAR            09090521                                                            000062
2SR. CAIXA, APOS O VENCIMENTO COBRAR 2% DE MULTA                                 NAO RECEBER APOS 30 DIAS DO VENCIMENTO.                                                                                                                                                                                                         08042200000000000000804220000000000000       009033990000627029617504221P000063
100000000000000000000009033990000627000000000000000000000000010002020000593204221P00000000002            2  01005932042224042200000003548760000000001N080422000000000000000000000000000000000000000000000000000000000000000100000593293860WALTER HELIO BARBOSA FILHO              AVENIDA ANTONIO FREDERICO OZANAN - 9500             13214206                                                            000065
2SR. CAIXA, APOS O VENCIMENTO COBRAR 2% DE MULTA                                 NAO RECEBER APOS 30 DIAS DO VENCIMENTO.                                                                                                                                                                                                         08042200000000000000804220000000000000       009033990000627000593204221P000066
100000000000000000000009033990000627000000000000000000000000010002020065584104221100000000002            2  01655841042224042200000001862920000000001N080422000000000000000000000000000000000000000000000000000000000000000100065584147834JOAQUIM DA COSTA MACHADO NETO           RUA CARLOS JOSE BORSTENS - 50 AP.42 - AV            11702750                                                            000068
2SR. CAIXA, APOS O VENCIMENTO COBRAR 2% DE MULTA                                 NAO RECEBER APOS 30 DIAS DO VENCIMENTO.                                                                                                                                                                                                         08042200000000000000804220000000000000       0090339900006270655841042211000069
100000000000000000000009033990000627000000000000000000000000010002020006684604221400000000002            2  01066846042226042200000002383570000000001N080422000000000000000000000000000000000000000000000000000000000000000100006684623884LAUDINOR VIEIRA GARCIA                  RUA CANDIDO SALES - 374 - JARDIM PRESIDE            07172000                                                            000071
2SR. CAIXA, APOS O VENCIMENTO COBRAR 2% DE MULTA                                 NAO RECEBER APOS 30 DIAS DO VENCIMENTO.                                                                                                                                                                                                         08042200000000000000804220000000000000       0090339900006270066846042214000072
100000000000000000000009033990000627000000000000000000000000010002020011663504221500000000002            2  01116635042226042200000002400720000000001N080422000000000000000000000000000000000000000000000000000000000000000100011663589844MARIA SAVIO QUARELLO                    AVENIDA MENDONCA DRUMOND - 321 - JARDIM             03524030                                                            000074
2SR. CAIXA, APOS O VENCIMENTO COBRAR 2% DE MULTA                                 NAO RECEBER APOS 30 DIAS DO VENCIMENTO.                                                                                                                                                                                                         08042200000000000000804220000000000000       0090339900006270116635042215000075
100000000000000000000009033990000627000000000000000000000000010002020010083804221700000000002            2  01100838042226042200000002319500000000001N080422000000000000000000000000000000000000000000000000000000000000000100010083824855IONE FERREIRA COUTO DA SILVA            RUA JOSE RAGEL DE MESQUITA - 60 CS.01 -             07799999                                                            000077
2SR. CAIXA, APOS O VENCIMENTO COBRAR 2% DE MULTA                                 NAO RECEBER APOS 30 DIAS DO VENCIMENTO.                                                                                                                                                                                                         08042200000000000000804220000000000000       0090339900006270100838042217000078
100000000000000000000009033990000627000000000000000000000000010002020031010704221200000000002            2  01310107042226042200000002276180000000001N080422000000000000000000000000000000000000000000000000000000000000000100031010705890ANDRE GONZALEZ RABELLO                  RUA PARAIBA - 106 AP.61 - POMPEIA - SANT            11065470                                                            000080
2SR. CAIXA, APOS O VENCIMENTO COBRAR 2% DE MULTA                                 NAO RECEBER APOS 30 DIAS DO VENCIMENTO.                                                                                                                                                                                                         08042200000000000000804220000000000000       0090339900006270310107042212000081
100000000000000000000009033990000627000000000000000000000000010002020005351004221100000000002            2  01053510042226042200000002134140000000001N080422000000000000000000000000000000000000000000000000000000000000000100005351015897VALERIA ALVES MARCOLINO HINNIGER        RUA JOSE CALIXTO DO CARMO - 286 AP.92 -             11702690                                                            000083
2SR. CAIXA, APOS O VENCIMENTO COBRAR 2% DE MULTA                                 NAO RECEBER APOS 30 DIAS DO VENCIMENTO.                                                                                                                                                                                                         08042200000000000000804220000000000000       0090339900006270053510042211000084
100000000000000000000009033990000627000000000000000000000000010002020031898704221700000000002            2  01318987042224042200000003395610000000001N080422000000000000000000000000000000000000000000000000000000000000000100031898775800ANITA MARTINS COLOMBO                   RUA CARLOS JOSE BORSTENS - 50 AP.115 - A            11702750                                                            000086
2SR. CAIXA, APOS O VENCIMENTO COBRAR 2% DE MULTA                                 NAO RECEBER APOS 30 DIAS DO VENCIMENTO.                                                                                                                                                                                                         08042200000000000000804220000000000000       0090339900006270318987042217000087
100000000000000000000009033990000627000000000000000000000000010002020037983404221700000000002            2  01379834042226042200000002506950000000001N080422000000000000000000000000000000000000000000000000000000000000000100037983484801JOSE ERIVALDO SOUZA DO NASCIMENTO RAMOS RUA LETICIA - 250 - JARDIM GUARUJA - SAO            05877260                                                            000089
2SR. CAIXA, APOS O VENCIMENTO COBRAR 2% DE MULTA                                 NAO RECEBER APOS 30 DIAS DO VENCIMENTO.                                                                                                                                                                                                         08042200000000000000804220000000000000       0090339900006270379834042217000090
100000000000000000000009033990000627000000000000000000000000010002020056289204221800000000002            2  01562892042226042200000001893850000000001N080422000000000000000000000000000000000000000000000000000000000000000100056289286900PEDRO RIBEIRO                           RUA CONEGO MANOEL VAZ - 48 - SANTANA - S            02019050                                                            000092
2SR. CAIXA, APOS O VENCIMENTO COBRAR 2% DE MULTA                                 NAO RECEBER APOS 30 DIAS DO VENCIMENTO.                                                                                                                                                                                                         08042200000000000000804220000000000000       0090339900006270562892042218000093
100000000000000000000009033990000627000000000000000000000000010002020034735304221400000000002            2  01347353042226042200000002599220000000001N080422000000000000000000000000000000000000000000000000000000000000000100034735328866DIEGO FELIPE MOLINA DA SILVA E SOUSA    RUA EMILIA PAULISTA - 135 - VILA TIRADEN            05364020                                                            000095
2SR. CAIXA, APOS O VENCIMENTO COBRAR 2% DE MULTA                                 NAO RECEBER APOS 30 DIAS DO VENCIMENTO.                                                                                                                                                                                                         08042200000000000000804220000000000000       0090339900006270347353042214000096
100000000000000000000009033990000627000000000000000000000000010002020076175604221500000000002            2  01761756042224042200000004712380000000001N080422000000000000000000000000000000000000000000000000000000000000000100076175685687GILMAR DE OLIVEIRA BRAGA                RUA MARACAJU - 161 AP.202 - NOVA GRANADA            30431350                                                            000098
2SR. CAIXA, APOS O VENCIMENTO COBRAR 2% DE MULTA                                 NAO RECEBER APOS 30 DIAS DO VENCIMENTO.                                                                                                                                                                                                         08042200000000000000804220000000000000       0090339900006270761756042215000099
100000000000000000000009033990000627000000000000000000000000010002020034812204221800000000002            2  01348122042224042200000004494240000000001N080422000000000000000000000000000000000000000000000000000000000000000100034812226880THAIS TORQUATO MIMOSO DE JESUS          RUA ARNALDO CINTRA - 416 AP.104 TORRE 2             03088000                                                            000101
2SR. CAIXA, APOS O VENCIMENTO COBRAR 2% DE MULTA                                 NAO RECEBER APOS 30 DIAS DO VENCIMENTO.                                                                                                                                                                                                         08042200000000000000804220000000000000       0090339900006270348122042218000102
100000000000000000000009033990000627000000000000000000000000010002020012849404221400000000002            2  01128494042226042200000004477750000000001N080422000000000000000000000000000000000000000000000000000000000000000100012849428809MOISES CLAUDIO DO ROSARIO               AVENIDA DR. AUGUSTO DE TOLEDO - 510 AP.1            09541520                                                            000104
2SR. CAIXA, APOS O VENCIMENTO COBRAR 2% DE MULTA                                 NAO RECEBER APOS 30 DIAS DO VENCIMENTO.                                                                                                                                                                                                         08042200000000000000804220000000000000       0090339900006270128494042214000105
100000000000000000000009033990000627000000000000000000000000010002020015702304221400000000002            2  01157023042226042200000002484340000000001N080422000000000000000000000000000000000000000000000000000000000000000100015702353846MARIA DE LOURDES DE MACENO SOUZA        RUA JOSE CALIXTO DO CARMO - 286 AP.83 -             11702690                                                            000107
2SR. CAIXA, APOS O VENCIMENTO COBRAR 2% DE MULTA                                 NAO RECEBER APOS 30 DIAS DO VENCIMENTO.                                                                                                                                                                                                         08042200000000000000804220000000000000       0090339900006270157023042214000108
100000000000000000000009033990000627000000000000000000000000010002020003658604221900000000002            2  01036586042226042200000001849840000000001N080422000000000000000000000000000000000000000000000000000000000000000100003658668814MARINEZ VALENTIN                        RUA JOSE CALIXTO DO CARMO - 286 AP.95 -             11702690                                                            000110
2SR. CAIXA, APOS O VENCIMENTO COBRAR 2% DE MULTA                                 NAO RECEBER APOS 30 DIAS DO VENCIMENTO.                                                                                                                                                                                                         08042200000000000000804220000000000000       0090339900006270036586042219000111
100000000000000000000009033990000627000000000000000000000000010002020003658604222700000000002            2  01036586042226042200000001849830000000001N080422000000000000000000000000000000000000000000000000000000000000000100003658668814MARINEZ VALENTIN                        RUA JOSE CALIXTO DO CARMO - 286 AP.95 -             11702690                                                            000113
2SR. CAIXA, APOS O VENCIMENTO COBRAR 2% DE MULTA                                 NAO RECEBER APOS 30 DIAS DO VENCIMENTO.                                                                                                                                                                                                         08042200000000000000804220000000000000       0090339900006270036586042227000114
100000000000000000000009033990000627000000000000000000000000010002020014087404221700000000002            2  01140874042226042200000002472170000000001N080422000000000000000000000000000000000000000000000000000000000000000100014087484874SERGIO SANTOS DO NASCIMENTO             RUA JOSE CALIXTO DO CARMO - 286 AP.52 -             11702690                                                            000116
2SR. CAIXA, APOS O VENCIMENTO COBRAR 2% DE MULTA                                 NAO RECEBER APOS 30 DIAS DO VENCIMENTO.                                                                                                                                                                                                         08042200000000000000804220000000000000       0090339900006270140874042217000117
100000000000000000000009033990000627000000000000000000000000010002020014087404222500000000002            2  01140874042226042200000002472150000000001N080422000000000000000000000000000000000000000000000000000000000000000100014087484874SERGIO SANTOS DO NASCIMENTO             RUA JOSE CALIXTO DO CARMO - 286 AP.52 -             11702690                                                            000119
2SR. CAIXA, APOS O VENCIMENTO COBRAR 2% DE MULTA                                 NAO RECEBER APOS 30 DIAS DO VENCIMENTO.                                                                                                                                                                                                         08042200000000000000804220000000000000       0090339900006270140874042225000120
100000000000000000000009033990000627000000000000000000000000010002020014087404223300000000002            2  01140874042226042200000002472160000000001N080422000000000000000000000000000000000000000000000000000000000000000100014087484874SERGIO SANTOS DO NASCIMENTO             RUA JOSE CALIXTO DO CARMO - 286 AP.52 -             11702690                                                            000122
2SR. CAIXA, APOS O VENCIMENTO COBRAR 2% DE MULTA                                 NAO RECEBER APOS 30 DIAS DO VENCIMENTO.                                                                                                                                                                                                         08042200000000000000804220000000000000       0090339900006270140874042233000123
100000000000000000000009033990000627000000000000000000000000010002020026834504221600000000002            2  01268345042226042200000002277800000000001N080422000000000000000000000000000000000000000000000000000000000000000100026834550895RAQUEL CARDOSO JOAO                     RUA PEDROSO XAVIER - 277 AP.23 TORRE 01             02732020                                                            000125
2SR. CAIXA, APOS O VENCIMENTO COBRAR 2% DE MULTA                                 NAO RECEBER APOS 30 DIAS DO VENCIMENTO.                                                                                                                                                                                                         08042200000000000000804220000000000000       0090339900006270268345042216000126
100000000000000000000009033990000627000000000000000000000000010002020039540004221400000000002            2  01395400042226042200000002239390000000001N080422000000000000000000000000000000000000000000000000000000000000000100039540008816LUZINETE CLARINDO SILVA                 RUA DEINOS - 275 - BAIRRO CIDADE SATELIT            08340100                                                            000128
2SR. CAIXA, APOS O VENCIMENTO COBRAR 2% DE MULTA                                 NAO RECEBER APOS 30 DIAS DO VENCIMENTO.                                                                                                                                                                                                         08042200000000000000804220000000000000       0090339900006270395400042214000129
100000000000000000000009033990000627000000000000000000000000010002020003311004221100000000002            2  01033110042226042200000002332060000000001N080422000000000000000000000000000000000000000000000000000000000000000100003311030877SEBASTIAO SARUVA NETO                   RUA HAMILTON REGIS - 559 - BAIRRO DO LIM            08051440                                                            000131
2SR. CAIXA, APOS O VENCIMENTO COBRAR 2% DE MULTA                                 NAO RECEBER APOS 30 DIAS DO VENCIMENTO.                                                                                                                                                                                                         08042200000000000000804220000000000000       0090339900006270033110042211000132
100000000000000000000009033990000627000000000000000000000000010002020090091904221800000000002            2  01900919042226042200000002229110000000001N080422000000000000000000000000000000000000000000000000000000000000000100090091990882JUECIR CARVALHO DA LUZ                  RUA JOSE CALIXTO DO CARMO - 286 AP.114 -            11702690                                                            000134
2SR. CAIXA, APOS O VENCIMENTO COBRAR 2% DE MULTA                                 NAO RECEBER APOS 30 DIAS DO VENCIMENTO.                                                                                                                                                                                                         08042200000000000000804220000000000000       0090339900006270900919042218000135
100000000000000000000009033990000627000000000000000000000000010002020037325904221P00000000002            2  01373259042226042200000001824220000000001N080422000000000000000000000000000000000000000000000000000000000000000100037325923830MARIA AUGUSTA OLIVEIRA DE ANDRADE       RUA JOSE CALIXTO DO CARMO - 286 AP.124 -            11702690                                                            000137
2SR. CAIXA, APOS O VENCIMENTO COBRAR 2% DE MULTA                                 NAO RECEBER APOS 30 DIAS DO VENCIMENTO.                                                                                                                                                                                                         08042200000000000000804220000000000000       009033990000627037325904221P000138
100000000000000000000009033990000627000000000000000000000000010002020012478804221700000000002            2  01124788042224042200000003321320000000001N080422000000000000000000000000000000000000000000000000000000000000000100012478899809VITORIA BATISTA QUEIROZ                 RUA CARVALHO DE FREITAS - 255 AP.71A - V            05728030                                                            000140
2SR. CAIXA, APOS O VENCIMENTO COBRAR 2% DE MULTA                                 NAO RECEBER APOS 30 DIAS DO VENCIMENTO.                                                                                                                                                                                                         08042200000000000000804220000000000000       0090339900006270124788042217000141
100000000000000000000009033990000627000000000000000000000000010002020013184804221800000000002            2  01131848042226042200000002203770000000001N080422000000000000000000000000000000000000000000000000000000000000000100013184856810SYDNEY HENRIQUE GAMARANO JUNIOR         RUA JOSE CALIXTO DO CARMO - 286 AP.125 -            11702690                                                            000143
2SR. CAIXA, APOS O VENCIMENTO COBRAR 2% DE MULTA                                 NAO RECEBER APOS 30 DIAS DO VENCIMENTO.                                                                                                                                                                                                         08042200000000000000804220000000000000       0090339900006270131848042218000144
100000000000000000000009033990000627000000000000000000000000010002020097989904221100000000002            2  01979899042226042200000001531490000000001N080422000000000000000000000000000000000000000000000000000000000000000100097989924820NELSON LUIS BERRIBILLE                  RUA SILVEIRA IGNACIO SOBRINHO - 965 - VI            13560294                                                            000146
2SR. CAIXA, APOS O VENCIMENTO COBRAR 2% DE MULTA                                 NAO RECEBER APOS 30 DIAS DO VENCIMENTO.                                                                                                                                                                                                         08042200000000000000804220000000000000       0090339900006270979899042211000147
100000000000000000000009033990000627000000000000000000000000010002020032341804221000000000002            2  01323418042224042200000003449900000000001N080422000000000000000000000000000000000000000000000000000000000000000100032341847803PRISCILA ALVES DE FRANCA MIRANDA        RUA CARLOS JOSE BORSTENS - 50 AP.91 - AV            11702750                                                            000149
2SR. CAIXA, APOS O VENCIMENTO COBRAR 2% DE MULTA                                 NAO RECEBER APOS 30 DIAS DO VENCIMENTO.                                                                                                                                                                                                         08042200000000000000804220000000000000       0090339900006270323418042210000150
100000000000000000000009033990000627000000000000000000000000010002020016050604221600000000002            2  01160506042224042200000003202170000000001N080422000000000000000000000000000000000000000000000000000000000000000100016050684898ANDRE RODRIGUES DE OLIVEIRA             RUA CORACAO PAULISTA - 14 - FAZENDA ITAI            08132430                                                            000152
2SR. CAIXA, APOS O VENCIMENTO COBRAR 2% DE MULTA                                 NAO RECEBER APOS 30 DIAS DO VENCIMENTO.                                                                                                                                                                                                         08042200000000000000804220000000000000       0090339900006270160506042216000153
100000000000000000000009033990000627000000000000000000000000010002020021464904221P00000000002            2  01214649042224042200000005046730000000001N080422000000000000000000000000000000000000000000000000000000000000000100021464965846ANDREA APARECIDA DE OLIVEIRA PECCI      RUA ANTONIO BOZ MARFIL - 103 - PARQUE DO            05396020                                                            000155
2SR. CAIXA, APOS O VENCIMENTO COBRAR 2% DE MULTA                                 NAO RECEBER APOS 30 DIAS DO VENCIMENTO.                                                                                                                                                                                                         08042200000000000000804220000000000000       009033990000627021464904221P000156
100000000000000000000009033990000627000000000000000000000000010002020030348104221100000000002            2  01303481042224042200000003057810000000001N080422000000000000000000000000000000000000000000000000000000000000000100030348198892KELLY CRISTINA CORDEIRO                 RUA CARLOS JOSE BORSTENS - 50 AP.25 - AV            11702750                                                            000158
2SR. CAIXA, APOS O VENCIMENTO COBRAR 2% DE MULTA                                 NAO RECEBER APOS 30 DIAS DO VENCIMENTO.                                                                                                                                                                                                         08042200000000000000804220000000000000       0090339900006270303481042211000159
9                                                                                                                                                                                                                                                                                                                                                                                                         000160