01REMESSA01COBRANCA       00000000000005316116AIRES CONSTRUTORA E INCORPORAD237BRADESCO       090622        MX0000196                                                                                                                                                                                                                                                                                     000001
100000000000000000000009002800441612000000000000000000000000010002100029155006221300000000002            2  01291550062225062200000004229960000000001N090622000000000000000000000000000000000000000000000000000000000000000100029155026842DANIELA YOSHIDA                         RUA MONTE CASTELO - 262 AP.34 - AVIACAO             11702720                                                            000002
2SR. CAIXA, APOS O VENCIMENTO COBRAR 10% DE MULTA                                NAO RECEBER APOS 30 DIAS DO VENCIMENTO.                                                                                                                                                                                                         09062200000000000000906220000000000000       0090028004416120291550062213000003
100000000000000000000009002800441612000000000000000000000000010002100001204406221700000000002            2  01012044062225062200000003444760000000001N090622000000000000000000000000000000000000000000000000000000000000000100001204431809CEZAR TALAVERA JUNIOR                   RUA MAESTRO ARTURO DE ANGELIS  - 190 AP.            05139010                                                            000005
2SR. CAIXA, APOS O VENCIMENTO COBRAR 10% DE MULTA                                NAO RECEBER APOS 30 DIAS DO VENCIMENTO.                                                                                                                                                                                                         09062200000000000000906220000000000000       0090028004416120012044062217000006
100000000000000000000009002800441612000000000000000000000000010002100004227506221600000000002            2  01042275062225062200000004465430000000001N090622000000000000000000000000000000000000000000000000000000000000000100004227553970ALESSANDRO ISRAEL GOULART               RUA PROFESSORA CARLINDA RIBEIRO - 21 - F            02866200                                                            000008
2SR. CAIXA, APOS O VENCIMENTO COBRAR 10% DE MULTA                                NAO RECEBER APOS 30 DIAS DO VENCIMENTO.                                                                                                                                                                                                         09062200000000000000906220000000000000       0090028004416120042275062216000009
100000000000000000000009002800441612000000000000000000000000010002100001024706221P00000000002            2  01010247062225062200000003894250000000001N090622000000000000000000000000000000000000000000000000000000000000000100001024794881CLAUDIO RODRIGUES                       RUA ARACATUBA - 242 - LAPA - SAO PAULO -            05058010                                                            000011
2SR. CAIXA, APOS O VENCIMENTO COBRAR 10% DE MULTA                                NAO RECEBER APOS 30 DIAS DO VENCIMENTO.                                                                                                                                                                                                         09062200000000000000906220000000000000       009002800441612001024706221P000012
100000000000000000000009002800441612000000000000000000000000010002100002225006221000000000002            2  01022250062225062200000005970410000000001N090622000000000000000000000000000000000000000000000000000000000000000100002225072841PEDRO EDUARDO DE AZEVEDO                RUA NATH ZILMAN - 46 - JARDIM SAMAMBAIA             07623085                                                            000014
2SR. CAIXA, APOS O VENCIMENTO COBRAR 10% DE MULTA                                NAO RECEBER APOS 30 DIAS DO VENCIMENTO.                                                                                                                                                                                                         09062200000000000000906220000000000000       0090028004416120022250062210000015
100000000000000000000009002800441612000000000000000000000000010002100022037506221900000000002            2  01220375062225062200000004154740000000001N090622000000000000000000000000000000000000000000000000000000000000000100022037552882ANDREIA CRISTINA FERNANDES DANTAS       PCA CASTRO ALVES - 163 AP.33 - VILA SAO             13224299                                                            000017
2SR. CAIXA, APOS O VENCIMENTO COBRAR 10% DE MULTA                                NAO RECEBER APOS 30 DIAS DO VENCIMENTO.                                                                                                                                                                                                         09062200000000000000906220000000000000       0090028004416120220375062219000018
100000000000000000000009002800441612000000000000000000000000010002100027198406221000000000002            2  01271984062225062200000002865490000000001N090622000000000000000000000000000000000000000000000000000000000000000100027198452809CRISTIANE AURELIANO DA SILVA MAIA       RUA MONTE CASTELO - 262 AP.25 - AVIACAO             11702720                                                            000020
2SR. CAIXA, APOS O VENCIMENTO COBRAR 10% DE MULTA                                NAO RECEBER APOS 30 DIAS DO VENCIMENTO.                                                                                                                                                                                                         09062200000000000000906220000000000000       0090028004416120271984062210000021
100000000000000000000009002800441612000000000000000000000000010002100021246206221400000000002            2  01212462062225062200000003497080000000001N090622000000000000000000000000000000000000000000000000000000000000000100021246231840ALEXANDRO DA CUNHA MIGUES               RUA DULCE - 71  - VILA CARRAO - SAO PAUL            03427040                                                            000023
2SR. CAIXA, APOS O VENCIMENTO COBRAR 10% DE MULTA                                NAO RECEBER APOS 30 DIAS DO VENCIMENTO.                                                                                                                                                                                                         09062200000000000000906220000000000000       0090028004416120212462062214000024
100000000000000000000009002800441612000000000000000000000000010002100018470506221400000000002            2  01184705062225062200000005144710000000001N090622000000000000000000000000000000000000000000000000000000000000000100018470520881SILVANA ALVES DE OLIVEIRA               RUA MONTE CASTELO - 262 AP.91 - AVIACAO             11702720                                                            000026
2SR. CAIXA, APOS O VENCIMENTO COBRAR 10% DE MULTA                                NAO RECEBER APOS 30 DIAS DO VENCIMENTO.                                                                                                                                                                                                         09062200000000000000906220000000000000       0090028004416120184705062214000027
100000000000000000000009002800441612000000000000000000000000010002100009297506221400000000002            2  01092975062225062200000003581680000000001N090622000000000000000000000000000000000000000000000000000000000000000100009297523846MARCOS ROBERTO DE CASTRO FERREIRA       RUA MONTE CASTELO - 262 AP.105 - AVIACAO            11702720                                                            000029
2SR. CAIXA, APOS O VENCIMENTO COBRAR 10% DE MULTA                                NAO RECEBER APOS 30 DIAS DO VENCIMENTO.                                                                                                                                                                                                         09062200000000000000906220000000000000       0090028004416120092975062214000030
100000000000000000000009002800441612000000000000000000000000010002100001164106221300000000002            2  01011641062225062200000004438520000000001N090622000000000000000000000000000000000000000000000000000000000000000100001164158864DAVID BLEY LACERDA                      RUA CONEGO ARAUJO MARCONDES - 188 - BAIR            02550080                                                            000032
2SR. CAIXA, APOS O VENCIMENTO COBRAR 10% DE MULTA                                NAO RECEBER APOS 30 DIAS DO VENCIMENTO.                                                                                                                                                                                                         09062200000000000000906220000000000000       0090028004416120011641062213000033
100000000000000000000009002800441612000000000000000000000000010002100031498006221700000000002            2  01314980062225062200000005394380000000001N090622000000000000000000000000000000000000000000000000000000000000000100031498008895POLIANE  SIBELE DA SILVA                PRACA GENERAL COSTA BARRETO - 56 AP.181             03325070                                                            000035
2SR. CAIXA, APOS O VENCIMENTO COBRAR 10% DE MULTA                                NAO RECEBER APOS 30 DIAS DO VENCIMENTO.                                                                                                                                                                                                         09062200000000000000906220000000000000       0090028004416120314980062217000036
100000000000000000000009002800441612000000000000000000000000010002100000588106221000000000002            2  01005881062225062200000003163920000000001N090622000000000000000000000000000000000000000000000000000000000000000100000588109860JOSE LIARTE GIANTE                      AVENIDA LUIZ GONZAGA DO AMARAL - 143 - J            09320630                                                            000038
2SR. CAIXA, APOS O VENCIMENTO COBRAR 10% DE MULTA                                NAO RECEBER APOS 30 DIAS DO VENCIMENTO.                                                                                                                                                                                                         09062200000000000000906220000000000000       0090028004416120005881062210000039
100000000000000000000009002800441612000000000000000000000000010002100014386806221300000000002            2  01143868062225062200000002531000000000001N090622000000000000000000000000000000000000000000000000000000000000000100014386860134SEVERINO CARLOS DE OLIVEIRA             RUA MONTE CASTELO - 262 AP.54 - AVIACAO             11702720                                                            000041
2SR. CAIXA, APOS O VENCIMENTO COBRAR 10% DE MULTA                                NAO RECEBER APOS 30 DIAS DO VENCIMENTO.                                                                                                                                                                                                         09062200000000000000906220000000000000       0090028004416120143868062213000042
100000000000000000000009002800441612000000000000000000000000010002100039393706221900000000002            2  01393937062225062200000001744420000000001N090622000000000000000000000000000000000000000000000000000000000000000100039393790850NAIRON RICARDO DE ARAUJO SANTOS         RUA NITEROI - 267 CASA 04 - JARDIM INDEP            11380350                                                            000044
2SR. CAIXA, APOS O VENCIMENTO COBRAR 10% DE MULTA                                NAO RECEBER APOS 30 DIAS DO VENCIMENTO.                                                                                                                                                                                                         09062200000000000000906220000000000000       0090028004416120393937062219000045
100000000000000000000009002800441612000000000000000000000000010002100019288706221700000000002            2  01192887062225062200000002349240000000001N090622000000000000000000000000000000000000000000000000000000000000000100019288787844EMERSON LUIZ MARTINEZ PEREIRA           RUA MONTE CASTELO - 296 AP.74 - AVIACAO             11702720                                                            000047
2SR. CAIXA, APOS O VENCIMENTO COBRAR 10% DE MULTA                                NAO RECEBER APOS 30 DIAS DO VENCIMENTO.                                                                                                                                                                                                         09062200000000000000906220000000000000       0090028004416120192887062217000048
9                                                                                                                                                                                                                                                                                                                                                                                                         000049