01REMESSA01COBRANCA       00000000000005316116AIRES CONSTRUTORA E INCORPORAD237BRADESCO       010121        MX0000161                                                                                                                                                                                                                                                                                     000001
100000000000000000000009002800441612000000000000000000000000010002100085416901211500000000002            2  01854169012110012100000003576870000000001N010121000000000000000000000000000000000000000000000000000000000000000100085416940891ANTONIO DE SOUSA MENDES                 RUA MONTE CASTELO - 296 AP.52 - AVIACAO             11702720                                                            000002
2SR. CAIXA, APOS O VENCIMENTO COBRAR 10% DE MULTA                                NAO RECEBER APOS 30 DIAS DO VENCIMENTO.                                                                                                                                                                                                         01012100000000000000101210000000000000       0090028004416120854169012115000003
100000000000000000000009002800441612000000000000000000000000010002100019282501211600000000002            2  01192825012110012100000002615000000000001N010121000000000000000000000000000000000000000000000000000000000000000100019282546837FABIO LEANDRO DE FREITAS ASSIS          RUA BASSIM NAGIB TRABULSI - 97 - PONTA D            11030540                                                            000005
2SR. CAIXA, APOS O VENCIMENTO COBRAR 10% DE MULTA                                NAO RECEBER APOS 30 DIAS DO VENCIMENTO.                                                                                                                                                                                                         01012100000000000000101210000000000000       0090028004416120192825012116000006
100000000000000000000009002800441612000000000000000000000000010002100003865701211400000000002            2  01038657012110012100000003503950000000001N010121000000000000000000000000000000000000000000000000000000000000000100003865776841FRANCISCO JOSE ROCCO                    RUA FABIO JOSE BEZERRA - 130 AP.86 - PAR            03805000                                                            000008
2SR. CAIXA, APOS O VENCIMENTO COBRAR 10% DE MULTA                                NAO RECEBER APOS 30 DIAS DO VENCIMENTO.                                                                                                                                                                                                         01012100000000000000101210000000000000       0090028004416120038657012114000009
100000000000000000000009002800441612000000000000000000000000010002100028309501211000000000002            2  01283095012110012100000003124710000000001N010121000000000000000000000000000000000000000000000000000000000000000100028309524803DEISE RIBEIRO BARBOSA                   RUA CANDIDO JOSE DE ANDRADE - 173 - ERME            03807030                                                            000011
2SR. CAIXA, APOS O VENCIMENTO COBRAR 10% DE MULTA                                NAO RECEBER APOS 30 DIAS DO VENCIMENTO.                                                                                                                                                                                                         01012100000000000000101210000000000000       0090028004416120283095012110000012
100000000000000000000009002800441612000000000000000000000000010002100011277901211000000000002            2  01112779012110012100000003708700000000001N010121000000000000000000000000000000000000000000000000000000000000000100011277908893JOSE AILTON LOPES DE AZEVEDO            RUA MAESTRO JOAO SEPE - 19 - JARDIM MARI            04181030                                                            000014
2SR. CAIXA, APOS O VENCIMENTO COBRAR 10% DE MULTA                                NAO RECEBER APOS 30 DIAS DO VENCIMENTO.                                                                                                                                                                                                         01012100000000000000101210000000000000       0090028004416120112779012110000015
100000000000000000000009002800441612000000000000000000000000010002100025215101211800000000002            2  01252151012110012100000002796810000000001N010121000000000000000000000000000000000000000000000000000000000000000100025215106886KLEBER LUIZ DOS SANTOS                  RUA MONTE CASTELO - 262 AP.15 - AVIACAO             11702720                                                            000017
2SR. CAIXA, APOS O VENCIMENTO COBRAR 10% DE MULTA                                NAO RECEBER APOS 30 DIAS DO VENCIMENTO.                                                                                                                                                                                                         01012100000000000000101210000000000000       0090028004416120252151012118000018
100000000000000000000009002800441612000000000000000000000000010002100090206701211500000000002            2  01902067012110012100000003123920000000001N010121000000000000000000000000000000000000000000000000000000000000000100090206789815NEREIDE RODRIGUES FERREIRA              AVENIDA PADRE ESTANISLAU DE CAMPOS - 205            03590060                                                            000020
2SR. CAIXA, APOS O VENCIMENTO COBRAR 10% DE MULTA                                NAO RECEBER APOS 30 DIAS DO VENCIMENTO.                                                                                                                                                                                                         01012100000000000000101210000000000000       0090028004416120902067012115000021
100000000000000000000009002800441612000000000000000000000000010002100029150701211300000000002            2  01291507012110012100000003656600000000001N010121000000000000000000000000000000000000000000000000000000000000000100029150742833ANA DEISE SANTOS DE ALMEIDA             RUA MONTE CASTELO - 296 AP.121 - AVIACAO            11702720                                                            000023
2SR. CAIXA, APOS O VENCIMENTO COBRAR 10% DE MULTA                                NAO RECEBER APOS 30 DIAS DO VENCIMENTO.                                                                                                                                                                                                         01012100000000000000101210000000000000       0090028004416120291507012113000024
100000000000000000000009002800441612000000000000000000000000010002100000811701211900000000002            2  01008117012110012100000003011880000000001N010121000000000000000000000000000000000000000000000000000000000000000100000811752801SERGIO BUENO DA SILVA                   RUA MONTE CASTELO - 262 AP.75 - AVIACAO             11702720                                                            000026
2SR. CAIXA, APOS O VENCIMENTO COBRAR 10% DE MULTA                                NAO RECEBER APOS 30 DIAS DO VENCIMENTO.                                                                                                                                                                                                         01012100000000000000101210000000000000       0090028004416120008117012119000027
100000000000000000000009002800441612000000000000000000000000010002100004004301211200000000002            2  01040043012110012100000005367790000000001N010121000000000000000000000000000000000000000000000000000000000000000100004004328896VANDERLEI  MARTINS DE ALMEIDA           RUA MONSENHOR TABOSA - 03 - PARQUE CISPE            03819300                                                            000029
2SR. CAIXA, APOS O VENCIMENTO COBRAR 10% DE MULTA                                NAO RECEBER APOS 30 DIAS DO VENCIMENTO.                                                                                                                                                                                                         01012100000000000000101210000000000000       0090028004416120040043012112000030
100000000000000000000009002800441612000000000000000000000000010002100016339401211300000000002            2  01163394012110012100000003238580000000001N010121000000000000000000000000000000000000000000000000000000000000000100016339432832ALEX MONTEIRO DA SILVA                  RUA IVA MOURA LIMA - 04 - JARDIM MIRNA I            04855540                                                            000032
2SR. CAIXA, APOS O VENCIMENTO COBRAR 10% DE MULTA                                NAO RECEBER APOS 30 DIAS DO VENCIMENTO.                                                                                                                                                                                                         01012100000000000000101210000000000000       0090028004416120163394012113000033
100000000000000000000009002800441612000000000000000000000000010002100031803801211000000000002            2  01318038012110012100000003307240000000001N010121000000000000000000000000000000000000000000000000000000000000000100031803864877ELEILSON FELIPPE SANTOS                 RUA SANTA GREGORIA - 193 - CIDADE DUTRA             04806030                                                            000035
2SR. CAIXA, APOS O VENCIMENTO COBRAR 10% DE MULTA                                NAO RECEBER APOS 30 DIAS DO VENCIMENTO.                                                                                                                                                                                                         01012100000000000000101210000000000000       0090028004416120318038012110000036
100000000000000000000009002800441612000000000000000000000000010002100026032601211900000000002            2  01260326012110012100000002275920000000001N010121000000000000000000000000000000000000000000000000000000000000000100026032632857MARILA LOPES PEREIRA                    AVENIDA LUIZ GUSHIKEN - 1761 AP.13 BL.05            05831315                                                            000038
2SR. CAIXA, APOS O VENCIMENTO COBRAR 10% DE MULTA                                NAO RECEBER APOS 30 DIAS DO VENCIMENTO.                                                                                                                                                                                                         01012100000000000000101210000000000000       0090028004416120260326012119000039
100000000000000000000009002800441612000000000000000000000000010002100063064501211500000000002            2  01630645012110012100000003941180000000001N010121000000000000000000000000000000000000000000000000000000000000000100063064537849ANTONIO APARECIDO DA SILVA DESTEFANO    RUA PROFESSOR TEODORO BRAGA - 46 - VILA             02966020                                                            000041
2SR. CAIXA, APOS O VENCIMENTO COBRAR 10% DE MULTA                                NAO RECEBER APOS 30 DIAS DO VENCIMENTO.                                                                                                                                                                                                         01012100000000000000101210000000000000       0090028004416120630645012115000042
100000000000000000000009002800441612000000000000000000000000010002100010107701211000000000002            2  01101077012110012100000003776850000000001N010121000000000000000000000000000000000000000000000000000000000000000100010107711834VALDEMAR FECCHIO                        RUA DOUTOR MARTINS DE OLIVEIRA - 529 AP.            05638030                                                            000044
2SR. CAIXA, APOS O VENCIMENTO COBRAR 10% DE MULTA                                NAO RECEBER APOS 30 DIAS DO VENCIMENTO.                                                                                                                                                                                                         01012100000000000000101210000000000000       0090028004416120101077012110000045
100000000000000000000009002800441612000000000000000000000000010002100005920501211400000000002            2  01059205012110012100000014211400000000001N010121000000000000000000000000000000000000000000000000000000000000000100005920579846SONIA MARIA VALDO POLLO                 RUA PALMIRA CERVI BARBARO - 797 - CIDADE            13214370                                                            000047
2SR. CAIXA, APOS O VENCIMENTO COBRAR 10% DE MULTA                                NAO RECEBER APOS 30 DIAS DO VENCIMENTO.                                                                                                                                                                                                         01012100000000000000101210000000000000       0090028004416120059205012114000048
100000000000000000000009002800441612000000000000000000000000010002100005920501212200000000002            2  01059205012110012100000002294580000000001N010121000000000000000000000000000000000000000000000000000000000000000100005920579846SONIA MARIA VALDO POLLO                 RUA PALMIRA CERVI BARBARO - 797 - CIDADE            13214370                                                            000050
2SR. CAIXA, APOS O VENCIMENTO COBRAR 10% DE MULTA                                NAO RECEBER APOS 30 DIAS DO VENCIMENTO.                                                                                                                                                                                                         01012100000000000000101210000000000000       0090028004416120059205012122000051
100000000000000000000009002800441612000000000000000000000000010002100002494101211500000000002            2  01024941012110012100000003450000000000001N010121000000000000000000000000000000000000000000000000000000000000000100002494107881CIRO FRANCISCO MARCHI DURIGON           RUA MONTE CASTELO - 262 AP.115 - AVIACAO            11702720                                                            000053
2SR. CAIXA, APOS O VENCIMENTO COBRAR 10% DE MULTA                                NAO RECEBER APOS 30 DIAS DO VENCIMENTO.                                                                                                                                                                                                         01012100000000000000101210000000000000       0090028004416120024941012115000054
100000000000000000000009002800441612000000000000000000000000010002100007002301211200000000002            2  01070023012110012100000003391510000000001N010121000000000000000000000000000000000000000000000000000000000000000100007002345869DOMINGOS DE BRITO GALVAO                RUA MONTE CASTELO - 262 AP.44 - AVIACAO             11702720                                                            000056
2SR. CAIXA, APOS O VENCIMENTO COBRAR 10% DE MULTA                                NAO RECEBER APOS 30 DIAS DO VENCIMENTO.                                                                                                                                                                                                         01012100000000000000101210000000000000       0090028004416120070023012112000057
100000000000000000000009002800441612000000000000000000000000010002100016299001211600000000002            2  01162990012110012100000003269420000000001N010121000000000000000000000000000000000000000000000000000000000000000100016299008857FERNANDO CESAR CARVALHO                 AVENIDA MARCONDES DE BRITO - 1340 AP.74             03509000                                                            000059
2SR. CAIXA, APOS O VENCIMENTO COBRAR 10% DE MULTA                                NAO RECEBER APOS 30 DIAS DO VENCIMENTO.                                                                                                                                                                                                         01012100000000000000101210000000000000       0090028004416120162990012116000060
100000000000000000000009002800441612000000000000000000000000010002100031082801211P00000000002            2  01310828012110012100000003285260000000001N010121000000000000000000000000000000000000000000000000000000000000000100031082898880VANESSA DOS SANTOS NEIVA                RUA MONTE CASTELO - 296 AP.33 - BAIRRO A            11702720                                                            000062
2SR. CAIXA, APOS O VENCIMENTO COBRAR 10% DE MULTA                                NAO RECEBER APOS 30 DIAS DO VENCIMENTO.                                                                                                                                                                                                         01012100000000000000101210000000000000       009002800441612031082801211P000063
100000000000000000000009002800441612000000000000000000000000010002100065895301211P00000000002            2  01658953012110012100000002000240000000001N010121000000000000000000000000000000000000000000000000000000000000000100065895304834MARINHO BARBOSA CUNHA                   AVENIDA EDU CHAVES - 639 AP.43 - PARQUE             02229000                                                            000065
2SR. CAIXA, APOS O VENCIMENTO COBRAR 10% DE MULTA                                NAO RECEBER APOS 30 DIAS DO VENCIMENTO.                                                                                                                                                                                                         01012100000000000000101210000000000000       009002800441612065895301211P000066
100000000000000000000009002800441612000000000000000000000000010002100055975301211700000000002            2  01559753012110012100000000746600000000001N010121000000000000000000000000000000000000000000000000000000000000000100055975372887BENEVENUTO THEODORO DA SILVA NETO       RUA MONTE CASTELO - 296 AP.63 - AVIACAO             11702720                                                            000068
2SR. CAIXA, APOS O VENCIMENTO COBRAR 10% DE MULTA                                NAO RECEBER APOS 30 DIAS DO VENCIMENTO.                                                                                                                                                                                                         01012100000000000000101210000000000000       0090028004416120559753012117000069
9                                                                                                                                                                                                                                                                                                                                                                                                         000070