01REMESSA01COBRANCA       00000000000008017025HB SANTOS CONSTRUTORA E INCORP237BRADESCO       070224        MX0000196                                                                                                                                                                                                                                                                                     000001
100000000000000000000009033990000627000000000000000000000000010002020025035102241700000000002            2  01250351022424022400000003243590000000001N060224000000000000000000000000000000000000000000000000000000000000000100025035170802WANDERSON LUIS DE CARVALHO              RUA JOAQUIM GONCALVES ROCHA - 302 - JARD            02859030                                                            000002
2SR. CAIXA, APOS O VENCIMENTO COBRAR 2% DE MULTA                                 NAO RECEBER APOS 30 DIAS DO VENCIMENTO.                                                                                                                                                                                                         07022400000000000000702240000000000000       0090339900006270250351022417000003
100000000000000000000009033990000627000000000000000000000000010002020007294302241400000000002            2  01072943022424022400000004362640000000001N060224000000000000000000000000000000000000000000000000000000000000000100007294351805CLAUDENIR APARECIDO VACARI              RUA CARLOS JOSE BORSTENS - 50 AP.93 - AV            11702750                                                            000005
2SR. CAIXA, APOS O VENCIMENTO COBRAR 2% DE MULTA                                 NAO RECEBER APOS 30 DIAS DO VENCIMENTO.                                                                                                                                                                                                         07022400000000000000702240000000000000       0090339900006270072943022414000006
100000000000000000000009033990000627000000000000000000000000010002020002841702241900000000002            2  01028417022424022400000004004840000000001N060224000000000000000000000000000000000000000000000000000000000000000100002841756416LUCIANA PINHEIRO DE ASSIS NUNES         RUA RIO ACIMA - 81 - RIACHO GRANDE - SAO            09830100                                                            000008
2SR. CAIXA, APOS O VENCIMENTO COBRAR 2% DE MULTA                                 NAO RECEBER APOS 30 DIAS DO VENCIMENTO.                                                                                                                                                                                                         07022400000000000000702240000000000000       0090339900006270028417022419000009
100000000000000000000009033990000627000000000000000000000000010002020084302002241800000000002            2  01843020022424022400000004024050000000001N060224000000000000000000000000000000000000000000000000000000000000000100084302097868FAUSTO TADEU VILOR                      RUA ANTONIO TAVARES - 466 - BAIRRO CAMBU            01542010                                                            000011
2SR. CAIXA, APOS O VENCIMENTO COBRAR 2% DE MULTA                                 NAO RECEBER APOS 30 DIAS DO VENCIMENTO.                                                                                                                                                                                                         07022400000000000000702240000000000000       0090339900006270843020022418000012
100000000000000000000009033990000627000000000000000000000000010002020000991702241000000000002            2  01009917022424022400000003858950000000001N060224000000000000000000000000000000000000000000000000000000000000000100000991748808JAILSON BORGES DE ANDRADE               RUA IPIOBUNA - 45 - JARDIM CUMBICA - GUA            07240040                                                            000014
2SR. CAIXA, APOS O VENCIMENTO COBRAR 2% DE MULTA                                 NAO RECEBER APOS 30 DIAS DO VENCIMENTO.                                                                                                                                                                                                         07022400000000000000702240000000000000       0090339900006270009917022410000015
100000000000000000000009033990000627000000000000000000000000010002020022151602241700000000002            2  01221516022424022400000003836530000000001N060224000000000000000000000000000000000000000000000000000000000000000100022151666816SAMIR LIMA DE ARAUJO                    AVENIDA GUARAPIRANGA - 2616 AP.131 BL.14            04902005                                                            000017
2SR. CAIXA, APOS O VENCIMENTO COBRAR 2% DE MULTA                                 NAO RECEBER APOS 30 DIAS DO VENCIMENTO.                                                                                                                                                                                                         07022400000000000000702240000000000000       0090339900006270221516022417000018
100000000000000000000009033990000627000000000000000000000000010002020022313102241900000000002            2  01223131022426022400000002950830000000001N060224000000000000000000000000000000000000000000000000000000000000000100022313116824ROSA MARIA BRITO DA SILVA               RUA JOSE CALIXTO DO CARMO - 286 AP.41 -             11702690                                                            000020
2SR. CAIXA, APOS O VENCIMENTO COBRAR 2% DE MULTA                                 NAO RECEBER APOS 30 DIAS DO VENCIMENTO.                                                                                                                                                                                                         07022400000000000000702240000000000000       0090339900006270223131022419000021
100000000000000000000009033990000627000000000000000000000000010002020027538002241000000000002            2  01275380022426022400000002961090000000001N060224000000000000000000000000000000000000000000000000000000000000000100027538087249MARA LUCIA MENEZES DA COSTA             RUA LEILA  - 183 - ITAQUERA - SAO PAULO             08240020                                                            000023
2SR. CAIXA, APOS O VENCIMENTO COBRAR 2% DE MULTA                                 NAO RECEBER APOS 30 DIAS DO VENCIMENTO.                                                                                                                                                                                                         07022400000000000000702240000000000000       0090339900006270275380022410000024
100000000000000000000009033990000627000000000000000000000000010002020031278402241700000000002            2  01312784022424022400000003706190000000001N060224000000000000000000000000000000000000000000000000000000000000000100031278411836JEFFERSON DE PIERI PIRES ZAMUNER        RUA MANOEL ARCE - 277 - PARQUE BANCARIO             03922150                                                            000026
2SR. CAIXA, APOS O VENCIMENTO COBRAR 2% DE MULTA                                 NAO RECEBER APOS 30 DIAS DO VENCIMENTO.                                                                                                                                                                                                         07022400000000000000702240000000000000       0090339900006270312784022417000027
100000000000000000000009033990000627000000000000000000000000010002020019185702241900000000002            2  01191857022426022400000002694710000000001N060224000000000000000000000000000000000000000000000000000000000000000100019185769800AGUINALDO PESSOA DE LIMA                RUA JANUARIO ZINGARO - 252 AP.303 BL.04             05794300                                                            000029
2SR. CAIXA, APOS O VENCIMENTO COBRAR 2% DE MULTA                                 NAO RECEBER APOS 30 DIAS DO VENCIMENTO.                                                                                                                                                                                                         07022400000000000000702240000000000000       0090339900006270191857022419000030
100000000000000000000009033990000627000000000000000000000000010002020006422602241500000000002            2  01064226022424022400000004013910000000001N060224000000000000000000000000000000000000000000000000000000000000000100006422607881GERALDO ALVES DA SILVA                  RUA CARLOS JOSE BORSTENS - 50 AP.14 - AV            11702750                                                            000032
2SR. CAIXA, APOS O VENCIMENTO COBRAR 2% DE MULTA                                 NAO RECEBER APOS 30 DIAS DO VENCIMENTO.                                                                                                                                                                                                         07022400000000000000702240000000000000       0090339900006270064226022415000033
100000000000000000000009033990000627000000000000000000000000010002020033877102241700000000002            2  01338771022426022400000002721080000000001N060224000000000000000000000000000000000000000000000000000000000000000100033877129870HELDER FERREIRA VIANA                   RUA JOSE CALIXTO DO CARMO - 286 AP.35 -             11702690                                                            000035
2SR. CAIXA, APOS O VENCIMENTO COBRAR 2% DE MULTA                                 NAO RECEBER APOS 30 DIAS DO VENCIMENTO.                                                                                                                                                                                                         07022400000000000000702240000000000000       0090339900006270338771022417000036
100000000000000000000009033990000627000000000000000000000000010002020087573002241600000000002            2  01875730022426022400000002738530000000001N060224000000000000000000000000000000000000000000000000000000000000000100087573059604VANDERLEY DE ASSIS                      RUA ROMEU ALBANI - 268 - JARDIM PARQUE R            13803810                                                            000038
2SR. CAIXA, APOS O VENCIMENTO COBRAR 2% DE MULTA                                 NAO RECEBER APOS 30 DIAS DO VENCIMENTO.                                                                                                                                                                                                         07022400000000000000702240000000000000       0090339900006270875730022416000039
100000000000000000000009033990000627000000000000000000000000010002020010825502241300000000002            2  01108255022426022400000002857790000000001N060224000000000000000000000000000000000000000000000000000000000000000100010825513847JOSE APARECIDO PEREIRA                  RUA GENERAL OSORIO - 305 - JARDIM TRINTA            11515130                                                            000041
2SR. CAIXA, APOS O VENCIMENTO COBRAR 2% DE MULTA                                 NAO RECEBER APOS 30 DIAS DO VENCIMENTO.                                                                                                                                                                                                         07022400000000000000702240000000000000       0090339900006270108255022413000042
100000000000000000000009033990000627000000000000000000000000010002020039115102241500000000002            2  01391151022426022400000003522750000000001N060224000000000000000000000000000000000000000000000000000000000000000100039115139840LAIS CRISTINA RIBEIRO ANDO              RUA JOSE CALIXTO DO CARMO - 286 AP.65 -             11702690                                                            000044
2SR. CAIXA, APOS O VENCIMENTO COBRAR 2% DE MULTA                                 NAO RECEBER APOS 30 DIAS DO VENCIMENTO.                                                                                                                                                                                                         07022400000000000000702240000000000000       0090339900006270391151022415000045
100000000000000000000009033990000627000000000000000000000000010002020000593202241300000000002            2  01005932022424022400000004320970000000001N060224000000000000000000000000000000000000000000000000000000000000000100000593293860WALTER HELIO BARBOSA FILHO              AVENIDA ANTONIO FREDERICO OZANAN - 9500             13214206                                                            000047
2SR. CAIXA, APOS O VENCIMENTO COBRAR 2% DE MULTA                                 NAO RECEBER APOS 30 DIAS DO VENCIMENTO.                                                                                                                                                                                                         07022400000000000000702240000000000000       0090339900006270005932022413000048
100000000000000000000009033990000627000000000000000000000000010002020006684602241800000000002            2  01066846022426022400000002902090000000001N060224000000000000000000000000000000000000000000000000000000000000000100006684623884LAUDINOR VIEIRA GARCIA                  RUA CANDIDO SALES - 374 - JARDIM PRESIDE            07172000                                                            000050
2SR. CAIXA, APOS O VENCIMENTO COBRAR 2% DE MULTA                                 NAO RECEBER APOS 30 DIAS DO VENCIMENTO.                                                                                                                                                                                                         07022400000000000000702240000000000000       0090339900006270066846022418000051
100000000000000000000009033990000627000000000000000000000000010002020011663502241900000000002            2  01116635022426022400000002922940000000001N060224000000000000000000000000000000000000000000000000000000000000000100011663589844MARIA SAVIO QUARELLO                    AVENIDA MENDONCA DRUMOND - 321 - JARDIM             03524030                                                            000053
2SR. CAIXA, APOS O VENCIMENTO COBRAR 2% DE MULTA                                 NAO RECEBER APOS 30 DIAS DO VENCIMENTO.                                                                                                                                                                                                         07022400000000000000702240000000000000       0090339900006270116635022419000054
100000000000000000000009033990000627000000000000000000000000010002020010083802241000000000002            2  01100838022426022400000002824040000000001N060224000000000000000000000000000000000000000000000000000000000000000100010083824855IONE FERREIRA COUTO DA SILVA            RUA JOSE RAGEL DE MESQUITA - 60 CS.01 -             07799999                                                            000056
2SR. CAIXA, APOS O VENCIMENTO COBRAR 2% DE MULTA                                 NAO RECEBER APOS 30 DIAS DO VENCIMENTO.                                                                                                                                                                                                         07022400000000000000702240000000000000       0090339900006270100838022410000057
100000000000000000000009033990000627000000000000000000000000010002020031010702241600000000002            2  01310107022426022400000002771290000000001N060224000000000000000000000000000000000000000000000000000000000000000100031010705890ANDRE GONZALEZ RABELLO                  RUA PARAIBA - 106 AP.61 - POMPEIA - SANT            11065470                                                            000059
2SR. CAIXA, APOS O VENCIMENTO COBRAR 2% DE MULTA                                 NAO RECEBER APOS 30 DIAS DO VENCIMENTO.                                                                                                                                                                                                         07022400000000000000702240000000000000       0090339900006270310107022416000060
100000000000000000000009033990000627000000000000000000000000010002020005351002241500000000002            2  01053510022426022400000002598360000000001N060224000000000000000000000000000000000000000000000000000000000000000100005351015897VALERIA ALVES MARCOLINO HINNIGER        RUA JOSE CALIXTO DO CARMO - 286 AP.92 -             11702690                                                            000062
2SR. CAIXA, APOS O VENCIMENTO COBRAR 2% DE MULTA                                 NAO RECEBER APOS 30 DIAS DO VENCIMENTO.                                                                                                                                                                                                         07022400000000000000702240000000000000       0090339900006270053510022415000063
100000000000000000000009033990000627000000000000000000000000010002020031898702241000000000002            2  01318987022424022400000004134470000000001N060224000000000000000000000000000000000000000000000000000000000000000100031898775800ANITA MARTINS COLOMBO                   RUA CARLOS JOSE BORSTENS - 50 AP.115 - A            11702750                                                            000065
2SR. CAIXA, APOS O VENCIMENTO COBRAR 2% DE MULTA                                 NAO RECEBER APOS 30 DIAS DO VENCIMENTO.                                                                                                                                                                                                         07022400000000000000702240000000000000       0090339900006270318987022410000066
100000000000000000000009033990000627000000000000000000000000010002020037983402241000000000002            2  01379834022426022400000003052270000000001N060224000000000000000000000000000000000000000000000000000000000000000100037983484801JOSE ERIVALDO SOUZA DO NASCIMENTO RAMOS RUA LETICIA - 250 - JARDIM GUARUJA - SAO            05877260                                                            000068
2SR. CAIXA, APOS O VENCIMENTO COBRAR 2% DE MULTA                                 NAO RECEBER APOS 30 DIAS DO VENCIMENTO.                                                                                                                                                                                                         07022400000000000000702240000000000000       0090339900006270379834022410000069
100000000000000000000009033990000627000000000000000000000000010002020056289202241100000000002            2  01562892022426022400000002305800000000001N060224000000000000000000000000000000000000000000000000000000000000000100056289286900PEDRO RIBEIRO                           RUA CONEGO MANOEL VAZ - 48 - SANTANA - S            02019050                                                            000071
2SR. CAIXA, APOS O VENCIMENTO COBRAR 2% DE MULTA                                 NAO RECEBER APOS 30 DIAS DO VENCIMENTO.                                                                                                                                                                                                         07022400000000000000702240000000000000       0090339900006270562892022411000072
100000000000000000000009033990000627000000000000000000000000010002020034812202241100000000002            2  01348122022424022400000005472160000000001N060224000000000000000000000000000000000000000000000000000000000000000100034812226880THAIS TORQUATO MIMOSO DE JESUS          RUA ARNALDO CINTRA - 416 AP.104 TORRE 2             03088000                                                            000074
2SR. CAIXA, APOS O VENCIMENTO COBRAR 2% DE MULTA                                 NAO RECEBER APOS 30 DIAS DO VENCIMENTO.                                                                                                                                                                                                         07022400000000000000702240000000000000       0090339900006270348122022411000075
100000000000000000000009033990000627000000000000000000000000010002020012849402241800000000002            2  01128494022426022400000005451780000000001N060224000000000000000000000000000000000000000000000000000000000000000100012849428809MOISES CLAUDIO DO ROSARIO               AVENIDA DR. AUGUSTO DE TOLEDO - 510 AP.1            09541520                                                            000077
2SR. CAIXA, APOS O VENCIMENTO COBRAR 2% DE MULTA                                 NAO RECEBER APOS 30 DIAS DO VENCIMENTO.                                                                                                                                                                                                         07022400000000000000702240000000000000       0090339900006270128494022418000078
100000000000000000000009033990000627000000000000000000000000010002020026834502241P00000000002            2  01268345022426022400000002773290000000001N060224000000000000000000000000000000000000000000000000000000000000000100026834550895RAQUEL CARDOSO JOAO                     RUA PEDROSO XAVIER - 277 AP.23 TORRE 01             02732020                                                            000080
2SR. CAIXA, APOS O VENCIMENTO COBRAR 2% DE MULTA                                 NAO RECEBER APOS 30 DIAS DO VENCIMENTO.                                                                                                                                                                                                         07022400000000000000702240000000000000       009033990000627026834502241P000081
100000000000000000000009033990000627000000000000000000000000010002020039540002241800000000002            2  01395400022426022400000002726510000000001N060224000000000000000000000000000000000000000000000000000000000000000100039540008816LUZINETE CLARINDO SILVA                 RUA DEINOS - 275 - BAIRRO CIDADE SATELIT            08340100                                                            000083
2SR. CAIXA, APOS O VENCIMENTO COBRAR 2% DE MULTA                                 NAO RECEBER APOS 30 DIAS DO VENCIMENTO.                                                                                                                                                                                                         07022400000000000000702240000000000000       0090339900006270395400022418000084
100000000000000000000009033990000627000000000000000000000000010002020003311002241500000000002            2  01033110022426022400000002839370000000001N060224000000000000000000000000000000000000000000000000000000000000000100003311030877SEBASTIAO SARUVA NETO                   RUA HAMILTON REGIS - 559 - BAIRRO DO LIM            08051440                                                            000086
2SR. CAIXA, APOS O VENCIMENTO COBRAR 2% DE MULTA                                 NAO RECEBER APOS 30 DIAS DO VENCIMENTO.                                                                                                                                                                                                         07022400000000000000702240000000000000       0090339900006270033110022415000087
100000000000000000000009033990000627000000000000000000000000010002020012478802241000000000002            2  01124788022424022400000004044010000000001N060224000000000000000000000000000000000000000000000000000000000000000100012478899809VITORIA BATISTA QUEIROZ                 RUA CARVALHO DE FREITAS - 255 AP.71A - V            05728030                                                            000089
2SR. CAIXA, APOS O VENCIMENTO COBRAR 2% DE MULTA                                 NAO RECEBER APOS 30 DIAS DO VENCIMENTO.                                                                                                                                                                                                         07022400000000000000702240000000000000       0090339900006270124788022410000090
100000000000000000000009033990000627000000000000000000000000010002020013184802241100000000002            2  01131848022426022400000002683140000000001N060224000000000000000000000000000000000000000000000000000000000000000100013184856810SYDNEY HENRIQUE GAMARANO JUNIOR         RUA JOSE CALIXTO DO CARMO - 286 AP.125 -            11702690                                                            000092
2SR. CAIXA, APOS O VENCIMENTO COBRAR 2% DE MULTA                                 NAO RECEBER APOS 30 DIAS DO VENCIMENTO.                                                                                                                                                                                                         07022400000000000000702240000000000000       0090339900006270131848022411000093
100000000000000000000009033990000627000000000000000000000000010002020097989902241500000000002            2  01979899022426022400000001864600000000001N060224000000000000000000000000000000000000000000000000000000000000000100097989924820NELSON LUIS BERRIBILLE                  RUA SILVEIRA IGNACIO SOBRINHO - 965 - VI            13560294                                                            000095
2SR. CAIXA, APOS O VENCIMENTO COBRAR 2% DE MULTA                                 NAO RECEBER APOS 30 DIAS DO VENCIMENTO.                                                                                                                                                                                                         07022400000000000000702240000000000000       0090339900006270979899022415000096
100000000000000000000009033990000627000000000000000000000000010002020097989902242300000000002            2  01979899022426022400000001864590000000001N060224000000000000000000000000000000000000000000000000000000000000000100097989924820NELSON LUIS BERRIBILLE                  RUA SILVEIRA IGNACIO SOBRINHO - 965 - VI            13560294                                                            000098
2SR. CAIXA, APOS O VENCIMENTO COBRAR 2% DE MULTA                                 NAO RECEBER APOS 30 DIAS DO VENCIMENTO.                                                                                                                                                                                                         07022400000000000000702240000000000000       0090339900006270979899022423000099
100000000000000000000009033990000627000000000000000000000000010002020032341802241400000000002            2  01323418022424022400000004200610000000001N060224000000000000000000000000000000000000000000000000000000000000000100032341847803PRISCILA ALVES DE FRANCA MIRANDA        RUA CARLOS JOSE BORSTENS - 50 AP.91 - AV            11702750                                                            000101
2SR. CAIXA, APOS O VENCIMENTO COBRAR 2% DE MULTA                                 NAO RECEBER APOS 30 DIAS DO VENCIMENTO.                                                                                                                                                                                                         07022400000000000000702240000000000000       0090339900006270323418022414000102
100000000000000000000009033990000627000000000000000000000000010002020016050602241P00000000002            2  01160506022424022400000003898970000000001N060224000000000000000000000000000000000000000000000000000000000000000100016050684898ANDRE RODRIGUES DE OLIVEIRA             RUA CORACAO PAULISTA - 14 - FAZENDA ITAI            08132430                                                            000104
2SR. CAIXA, APOS O VENCIMENTO COBRAR 2% DE MULTA                                 NAO RECEBER APOS 30 DIAS DO VENCIMENTO.                                                                                                                                                                                                         07022400000000000000702240000000000000       009033990000627016050602241P000105
100000000000000000000009033990000627000000000000000000000000010002020021464902241300000000002            2  01214649022424022400000006144860000000001N060224000000000000000000000000000000000000000000000000000000000000000100021464965846ANDREA APARECIDA DE OLIVEIRA PECCI      RUA ANTONIO BOZ MARFIL - 103 - PARQUE DO            05396020                                                            000107
2SR. CAIXA, APOS O VENCIMENTO COBRAR 2% DE MULTA                                 NAO RECEBER APOS 30 DIAS DO VENCIMENTO.                                                                                                                                                                                                         07022400000000000000702240000000000000       0090339900006270214649022413000108
100000000000000000000009033990000627000000000000000000000000010002020030348102241500000000002            2  01303481022424022400000003723190000000001N060224000000000000000000000000000000000000000000000000000000000000000100030348198892KELLY CRISTINA CORDEIRO                 RUA CARLOS JOSE BORSTENS - 50 AP.25 - AV            11702750                                                            000110
2SR. CAIXA, APOS O VENCIMENTO COBRAR 2% DE MULTA                                 NAO RECEBER APOS 30 DIAS DO VENCIMENTO.                                                                                                                                                                                                         07022400000000000000702240000000000000       0090339900006270303481022415000111
100000000000000000000009033990000627000000000000000000000000010002020003597502241300000000002            2  01035975022426022400000002507870000000001N060224000000000000000000000000000000000000000000000000000000000000000100003597509827ANISIO FAUSTINO DE OLIVEIRA             RUA DOMINGOS DE MAMBRO - 5 CASA 20 - CIT            06040290                                                            000113
2SR. CAIXA, APOS O VENCIMENTO COBRAR 2% DE MULTA                                 NAO RECEBER APOS 30 DIAS DO VENCIMENTO.                                                                                                                                                                                                         07022400000000000000702240000000000000       0090339900006270035975022413000114
100000000000000000000009033990000627000000000000000000000000010002020018531502241200000000002            2  01185315022426022400000002221020000000001N060224000000000000000000000000000000000000000000000000000000000000000100018531558883FABIO HENRIQUE HADDAD                   RUA REGO BARROS - 815 T.A AP.56 - JARDIM            03460000                                                            000116
2SR. CAIXA, APOS O VENCIMENTO COBRAR 2% DE MULTA                                 NAO RECEBER APOS 30 DIAS DO VENCIMENTO.                                                                                                                                                                                                         07022400000000000000702240000000000000       0090339900006270185315022412000117
9                                                                                                                                                                                                                                                                                                                                                                                                         000118