01REMESSA01COBRANCA       00000000000008017025HB SANTOS CONSTRUTORA E INCORP237BRADESCO       110722        MX0000157                                                                                                                                                                                                                                                                                     000001
100000000000000000000009033990000627000000000000000000000000010002020025035107221P00000000002            2  01250351072224072200000002736760000000001N080722000000000000000000000000000000000000000000000000000000000000000100025035170802WANDERSON LUIS DE CARVALHO              RUA JOAQUIM GONCALVES ROCHA - 302 - JARD            02859030                                                            000002
2SR. CAIXA, APOS O VENCIMENTO COBRAR 2% DE MULTA                                 NAO RECEBER APOS 30 DIAS DO VENCIMENTO.                                                                                                                                                                                                         11072200000000000001107220000000000000       009033990000627025035107221P000003
100000000000000000000009033990000627000000000000000000000000010002020007294307221700000000002            2  01072943072224072200000003680940000000001N080722000000000000000000000000000000000000000000000000000000000000000100007294351805CLAUDENIR APARECIDO VACARI              RUA CARLOS JOSE BORSTENS - 50 AP.93 - AV            11702750                                                            000005
2SR. CAIXA, APOS O VENCIMENTO COBRAR 2% DE MULTA                                 NAO RECEBER APOS 30 DIAS DO VENCIMENTO.                                                                                                                                                                                                         11072200000000000001107220000000000000       0090339900006270072943072217000006
100000000000000000000009033990000627000000000000000000000000010002020007525007221200000000002            2  01075250072224072200000004117310000000001N080722000000000000000000000000000000000000000000000000000000000000000100007525032866FERNANDO RIBEIRO                        RUA CARLOS JOSE BORSTENS - 50 AP.32 - AV            11702750                                                            000008
2SR. CAIXA, APOS O VENCIMENTO COBRAR 2% DE MULTA                                 NAO RECEBER APOS 30 DIAS DO VENCIMENTO.                                                                                                                                                                                                         11072200000000000001107220000000000000       0090339900006270075250072212000009
100000000000000000000009033990000627000000000000000000000000010002020005071407221800000000002            2  01050714072224072200000003611690000000001N080722000000000000000000000000000000000000000000000000000000000000000100005071481855ERIBALDO SANTANA CARVALHO               RUA HONDURAS - 477 - PARQUE DAS AMERICAS            09351070                                                            000011
2SR. CAIXA, APOS O VENCIMENTO COBRAR 2% DE MULTA                                 NAO RECEBER APOS 30 DIAS DO VENCIMENTO.                                                                                                                                                                                                         11072200000000000001107220000000000000       0090339900006270050714072218000012
100000000000000000000009033990000627000000000000000000000000010002020002841707221100000000002            2  01028417072224072200000003379060000000001N080722000000000000000000000000000000000000000000000000000000000000000100002841756416LUCIANA PINHEIRO DE ASSIS NUNES         RUA RIO ACIMA - 81 - RIACHO GRANDE - SAO            09830100                                                            000014
2SR. CAIXA, APOS O VENCIMENTO COBRAR 2% DE MULTA                                 NAO RECEBER APOS 30 DIAS DO VENCIMENTO.                                                                                                                                                                                                         11072200000000000001107220000000000000       0090339900006270028417072211000015
100000000000000000000009033990000627000000000000000000000000010002020084302007221000000000002            2  01843020072224072200000003395270000000001N080722000000000000000000000000000000000000000000000000000000000000000100084302097868FAUSTO TADEU VILOR                      RUA ANTONIO TAVARES - 466 - BAIRRO CAMBU            01542010                                                            000017
2SR. CAIXA, APOS O VENCIMENTO COBRAR 2% DE MULTA                                 NAO RECEBER APOS 30 DIAS DO VENCIMENTO.                                                                                                                                                                                                         11072200000000000001107220000000000000       0090339900006270843020072210000018
100000000000000000000009033990000627000000000000000000000000010002020028804207221000000000002            2  01288042072224072200000003335880000000001N080722000000000000000000000000000000000000000000000000000000000000000100028804202882GILBERTO FABIANO CABRAL DE CAMARGO      RUA CARLOS JOSE BORSTENS - 50 AP.44 - AV            11702750                                                            000020
2SR. CAIXA, APOS O VENCIMENTO COBRAR 2% DE MULTA                                 NAO RECEBER APOS 30 DIAS DO VENCIMENTO.                                                                                                                                                                                                         11072200000000000001107220000000000000       0090339900006270288042072210000021
100000000000000000000009033990000627000000000000000000000000010002020000991707221300000000002            2  01009917072224072200000003255960000000001N080722000000000000000000000000000000000000000000000000000000000000000100000991748808JAILSON BORGES DE ANDRADE               RUA IPIOBUNA - 45 - JARDIM CUMBICA - GUA            07240040                                                            000023
2SR. CAIXA, APOS O VENCIMENTO COBRAR 2% DE MULTA                                 NAO RECEBER APOS 30 DIAS DO VENCIMENTO.                                                                                                                                                                                                         11072200000000000001107220000000000000       0090339900006270009917072213000024
100000000000000000000009033990000627000000000000000000000000010002020022151607221P00000000002            2  01221516072224072200000003237050000000001N080722000000000000000000000000000000000000000000000000000000000000000100022151666816SAMIR LIMA DE ARAUJO                    AVENIDA GUARAPIRANGA - 2616 AP.131 BL.14            04902005                                                            000026
2SR. CAIXA, APOS O VENCIMENTO COBRAR 2% DE MULTA                                 NAO RECEBER APOS 30 DIAS DO VENCIMENTO.                                                                                                                                                                                                         11072200000000000001107220000000000000       009033990000627022151607221P000027
100000000000000000000009033990000627000000000000000000000000010002020022313107221100000000002            2  01223131072226072200000002490120000000001N080722000000000000000000000000000000000000000000000000000000000000000100022313116824ROSA MARIA BRITO DA SILVA               RUA SERVIDAO DE SAO MARCOS - 128 CASA 1             04930300                                                            000029
2SR. CAIXA, APOS O VENCIMENTO COBRAR 2% DE MULTA                                 NAO RECEBER APOS 30 DIAS DO VENCIMENTO.                                                                                                                                                                                                         11072200000000000001107220000000000000       0090339900006270223131072211000030
100000000000000000000009033990000627000000000000000000000000010002020027538007221300000000002            2  01275380072226072200000002498800000000001N080722000000000000000000000000000000000000000000000000000000000000000100027538087249MARA LUCIA MENEZES DA COSTA             RUA LEILA  - 183 - ITAQUERA - SAO PAULO             08240020                                                            000032
2SR. CAIXA, APOS O VENCIMENTO COBRAR 2% DE MULTA                                 NAO RECEBER APOS 30 DIAS DO VENCIMENTO.                                                                                                                                                                                                         11072200000000000001107220000000000000       0090339900006270275380072213000033
100000000000000000000009033990000627000000000000000000000000010002020031278407221P00000000002            2  01312784072224072200000003127080000000001N080722000000000000000000000000000000000000000000000000000000000000000100031278411836JEFFERSON DE PIERI PIRES ZAMUNER        RUA MANOEL ARCE - 277 - PARQUE BANCARIO             03922150                                                            000035
2SR. CAIXA, APOS O VENCIMENTO COBRAR 2% DE MULTA                                 NAO RECEBER APOS 30 DIAS DO VENCIMENTO.                                                                                                                                                                                                         11072200000000000001107220000000000000       009033990000627031278407221P000036
100000000000000000000009033990000627000000000000000000000000010002020019185707221100000000002            2  01191857072226072200000002273970000000001N080722000000000000000000000000000000000000000000000000000000000000000100019185769800AGUINALDO PESSOA DE LIMA                RUA JANUARIO ZINGARO - 252 AP.303 BL.04             05794300                                                            000038
2SR. CAIXA, APOS O VENCIMENTO COBRAR 2% DE MULTA                                 NAO RECEBER APOS 30 DIAS DO VENCIMENTO.                                                                                                                                                                                                         11072200000000000001107220000000000000       0090339900006270191857072211000039
100000000000000000000009033990000627000000000000000000000000010002020033303607221200000000002            2  01333036072226072200000002449250000000001N080722000000000000000000000000000000000000000000000000000000000000000100033303645809JESSICA DA SILVA FREITAS                RUA ARILDO VALADAO - 120 - JARDIM GUAEMB            04814600                                                            000041
2SR. CAIXA, APOS O VENCIMENTO COBRAR 2% DE MULTA                                 NAO RECEBER APOS 30 DIAS DO VENCIMENTO.                                                                                                                                                                                                         11072200000000000001107220000000000000       0090339900006270333036072212000042
100000000000000000000009033990000627000000000000000000000000010002020006422607221800000000002            2  01064226072224072200000003386700000000001N080722000000000000000000000000000000000000000000000000000000000000000100006422607881GERALDO ALVES DA SILVA                  RUA CARLOS JOSE BORSTENS - 50 AP.14 - AV            11702750                                                            000044
2SR. CAIXA, APOS O VENCIMENTO COBRAR 2% DE MULTA                                 NAO RECEBER APOS 30 DIAS DO VENCIMENTO.                                                                                                                                                                                                         11072200000000000001107220000000000000       0090339900006270064226072218000045
100000000000000000000009033990000627000000000000000000000000010002020033877107221P00000000002            2  01338771072226072200000002296250000000001N080722000000000000000000000000000000000000000000000000000000000000000100033877129870HELDER FERREIRA VIANA                   RUA JOSE CALIXTO DO CARMO - 286 AP.35 -             11702690                                                            000047
2SR. CAIXA, APOS O VENCIMENTO COBRAR 2% DE MULTA                                 NAO RECEBER APOS 30 DIAS DO VENCIMENTO.                                                                                                                                                                                                         11072200000000000001107220000000000000       009033990000627033877107221P000048
100000000000000000000009033990000627000000000000000000000000010002020028290707221300000000002            2  01282907072226072200000002116310000000001N080722000000000000000000000000000000000000000000000000000000000000000100028290719809VANESSA GIANGARRELLI PEREIRA            RUA BARINEL - 72 - JARDIM COTCHING - SAO            03462130                                                            000050
2SR. CAIXA, APOS O VENCIMENTO COBRAR 2% DE MULTA                                 NAO RECEBER APOS 30 DIAS DO VENCIMENTO.                                                                                                                                                                                                         11072200000000000001107220000000000000       0090339900006270282907072213000051
100000000000000000000009033990000627000000000000000000000000010002020087573007221900000000002            2  01875730072226072200000002310970000000001N080722000000000000000000000000000000000000000000000000000000000000000100087573059604VANDERLEY DE ASSIS                      RUA ROMEU ALBANI - 268 - JARDIM PARQUE R            13803810                                                            000053
2SR. CAIXA, APOS O VENCIMENTO COBRAR 2% DE MULTA                                 NAO RECEBER APOS 30 DIAS DO VENCIMENTO.                                                                                                                                                                                                         11072200000000000001107220000000000000       0090339900006270875730072219000054
100000000000000000000009033990000627000000000000000000000000010002020010825507221600000000002            2  01108255072226072200000002411610000000001N080722000000000000000000000000000000000000000000000000000000000000000100010825513847JOSE APARECIDO PEREIRA                  RUA GENERAL OSORIO - 305 - JARDIM TRINTA            11515130                                                            000056
2SR. CAIXA, APOS O VENCIMENTO COBRAR 2% DE MULTA                                 NAO RECEBER APOS 30 DIAS DO VENCIMENTO.                                                                                                                                                                                                         11072200000000000001107220000000000000       0090339900006270108255072216000057
100000000000000000000009033990000627000000000000000000000000010002020039115107221800000000002            2  01391151072226072200000002972730000000001N080722000000000000000000000000000000000000000000000000000000000000000100039115139840LAIS CRISTINA RIBEIRO ANDO              RUA JOSE CALIXTO DO CARMO - 286 AP.65 -             11702690                                                            000059
2SR. CAIXA, APOS O VENCIMENTO COBRAR 2% DE MULTA                                 NAO RECEBER APOS 30 DIAS DO VENCIMENTO.                                                                                                                                                                                                         11072200000000000001107220000000000000       0090339900006270391151072218000060
100000000000000000000009033990000627000000000000000000000000010002020029617507221600000000002            2  01296175072224072200000003324150000000001N080722000000000000000000000000000000000000000000000000000000000000000100029617510553MARILENE SOUZA DE OLIVEIRA              RUA DAS MONCOES - 460 AP.95 - BAIRRO JAR            09090521                                                            000062
2SR. CAIXA, APOS O VENCIMENTO COBRAR 2% DE MULTA                                 NAO RECEBER APOS 30 DIAS DO VENCIMENTO.                                                                                                                                                                                                         11072200000000000001107220000000000000       0090339900006270296175072216000063
100000000000000000000009033990000627000000000000000000000000010002020000593207221600000000002            2  01005932072224072200000003645780000000001N080722000000000000000000000000000000000000000000000000000000000000000100000593293860WALTER HELIO BARBOSA FILHO              AVENIDA ANTONIO FREDERICO OZANAN - 9500             13214206                                                            000065
2SR. CAIXA, APOS O VENCIMENTO COBRAR 2% DE MULTA                                 NAO RECEBER APOS 30 DIAS DO VENCIMENTO.                                                                                                                                                                                                         11072200000000000001107220000000000000       0090339900006270005932072216000066
100000000000000000000009033990000627000000000000000000000000010002020065584107221800000000002            2  01655841072224072200000001913850000000001N080722000000000000000000000000000000000000000000000000000000000000000100065584147834JOAQUIM DA COSTA MACHADO NETO           RUA CARLOS JOSE BORSTENS - 50 AP.42 - AV            11702750                                                            000068
2SR. CAIXA, APOS O VENCIMENTO COBRAR 2% DE MULTA                                 NAO RECEBER APOS 30 DIAS DO VENCIMENTO.                                                                                                                                                                                                         11072200000000000001107220000000000000       0090339900006270655841072218000069
100000000000000000000009033990000627000000000000000000000000010002020065584107222600000000002            2  01655841072224072200000001913840000000001N080722000000000000000000000000000000000000000000000000000000000000000100065584147834JOAQUIM DA COSTA MACHADO NETO           RUA CARLOS JOSE BORSTENS - 50 AP.42 - AV            11702750                                                            000071
2SR. CAIXA, APOS O VENCIMENTO COBRAR 2% DE MULTA                                 NAO RECEBER APOS 30 DIAS DO VENCIMENTO.                                                                                                                                                                                                         11072200000000000001107220000000000000       0090339900006270655841072226000072
100000000000000000000009033990000627000000000000000000000000010002020006684607221000000000002            2  01066846072226072200000002448960000000001N080722000000000000000000000000000000000000000000000000000000000000000100006684623884LAUDINOR VIEIRA GARCIA                  RUA CANDIDO SALES - 374 - JARDIM PRESIDE            07172000                                                            000074
2SR. CAIXA, APOS O VENCIMENTO COBRAR 2% DE MULTA                                 NAO RECEBER APOS 30 DIAS DO VENCIMENTO.                                                                                                                                                                                                         11072200000000000001107220000000000000       0090339900006270066846072210000075
100000000000000000000009033990000627000000000000000000000000010002020011663507221100000000002            2  01116635072226072200000002466580000000001N080722000000000000000000000000000000000000000000000000000000000000000100011663589844MARIA SAVIO QUARELLO                    AVENIDA MENDONCA DRUMOND - 321 - JARDIM             03524030                                                            000077
2SR. CAIXA, APOS O VENCIMENTO COBRAR 2% DE MULTA                                 NAO RECEBER APOS 30 DIAS DO VENCIMENTO.                                                                                                                                                                                                         11072200000000000001107220000000000000       0090339900006270116635072211000078
100000000000000000000009033990000627000000000000000000000000010002020010083807221300000000002            2  01100838072226072200000002383130000000001N080722000000000000000000000000000000000000000000000000000000000000000100010083824855IONE FERREIRA COUTO DA SILVA            RUA JOSE RAGEL DE MESQUITA - 60 CS.01 -             07799999                                                            000080
2SR. CAIXA, APOS O VENCIMENTO COBRAR 2% DE MULTA                                 NAO RECEBER APOS 30 DIAS DO VENCIMENTO.                                                                                                                                                                                                         11072200000000000001107220000000000000       0090339900006270100838072213000081
100000000000000000000009033990000627000000000000000000000000010002020031010707221900000000002            2  01310107072226072200000002338620000000001N080722000000000000000000000000000000000000000000000000000000000000000100031010705890ANDRE GONZALEZ RABELLO                  RUA PARAIBA - 106 AP.61 - POMPEIA - SANT            11065470                                                            000083
2SR. CAIXA, APOS O VENCIMENTO COBRAR 2% DE MULTA                                 NAO RECEBER APOS 30 DIAS DO VENCIMENTO.                                                                                                                                                                                                         11072200000000000001107220000000000000       0090339900006270310107072219000084
100000000000000000000009033990000627000000000000000000000000010002020005351007221800000000002            2  01053510072226072200000002192680000000001N080722000000000000000000000000000000000000000000000000000000000000000100005351015897VALERIA ALVES MARCOLINO HINNIGER        RUA JOSE CALIXTO DO CARMO - 286 AP.92 -             11702690                                                            000086
2SR. CAIXA, APOS O VENCIMENTO COBRAR 2% DE MULTA                                 NAO RECEBER APOS 30 DIAS DO VENCIMENTO.                                                                                                                                                                                                         11072200000000000001107220000000000000       0090339900006270053510072218000087
100000000000000000000009033990000627000000000000000000000000010002020031898707221300000000002            2  01318987072224072200000003488430000000001N080722000000000000000000000000000000000000000000000000000000000000000100031898775800ANITA MARTINS COLOMBO                   RUA CARLOS JOSE BORSTENS - 50 AP.115 - A            11702750                                                            000089
2SR. CAIXA, APOS O VENCIMENTO COBRAR 2% DE MULTA                                 NAO RECEBER APOS 30 DIAS DO VENCIMENTO.                                                                                                                                                                                                         11072200000000000001107220000000000000       0090339900006270318987072213000090
100000000000000000000009033990000627000000000000000000000000010002020037983407221300000000002            2  01379834072226072200000002575720000000001N080722000000000000000000000000000000000000000000000000000000000000000100037983484801JOSE ERIVALDO SOUZA DO NASCIMENTO RAMOS RUA LETICIA - 250 - JARDIM GUARUJA - SAO            05877260                                                            000092
2SR. CAIXA, APOS O VENCIMENTO COBRAR 2% DE MULTA                                 NAO RECEBER APOS 30 DIAS DO VENCIMENTO.                                                                                                                                                                                                         11072200000000000001107220000000000000       0090339900006270379834072213000093
100000000000000000000009033990000627000000000000000000000000010002020056289207221400000000002            2  01562892072226072200000008504120000000001N080722000000000000000000000000000000000000000000000000000000000000000100056289286900PEDRO RIBEIRO                           RUA CONEGO MANOEL VAZ - 48 - SANTANA - S            02019050                                                            000095
2SR. CAIXA, APOS O VENCIMENTO COBRAR 2% DE MULTA                                 NAO RECEBER APOS 30 DIAS DO VENCIMENTO.                                                                                                                                                                                                         11072200000000000001107220000000000000       0090339900006270562892072214000096
100000000000000000000009033990000627000000000000000000000000010002020056289207222200000000002            2  01562892072226072200000001945800000000001N080722000000000000000000000000000000000000000000000000000000000000000100056289286900PEDRO RIBEIRO                           RUA CONEGO MANOEL VAZ - 48 - SANTANA - S            02019050                                                            000098
2SR. CAIXA, APOS O VENCIMENTO COBRAR 2% DE MULTA                                 NAO RECEBER APOS 30 DIAS DO VENCIMENTO.                                                                                                                                                                                                         11072200000000000001107220000000000000       0090339900006270562892072222000099
100000000000000000000009033990000627000000000000000000000000010002020034735307221000000000002            2  01347353072226072200000002670530000000001N080722000000000000000000000000000000000000000000000000000000000000000100034735328866DIEGO FELIPE MOLINA DA SILVA E SOUSA    RUA EMILIA PAULISTA - 135 - VILA TIRADEN            05364020                                                            000101
2SR. CAIXA, APOS O VENCIMENTO COBRAR 2% DE MULTA                                 NAO RECEBER APOS 30 DIAS DO VENCIMENTO.                                                                                                                                                                                                         11072200000000000001107220000000000000       0090339900006270347353072210000102
100000000000000000000009033990000627000000000000000000000000010002020034812207221400000000002            2  01348122072224072200000004617110000000001N080722000000000000000000000000000000000000000000000000000000000000000100034812226880THAIS TORQUATO MIMOSO DE JESUS          RUA ARNALDO CINTRA - 416 AP.104 TORRE 2             03088000                                                            000104
2SR. CAIXA, APOS O VENCIMENTO COBRAR 2% DE MULTA                                 NAO RECEBER APOS 30 DIAS DO VENCIMENTO.                                                                                                                                                                                                         11072200000000000001107220000000000000       0090339900006270348122072214000105
100000000000000000000009033990000627000000000000000000000000010002020012849407221000000000002            2  01128494072226072200000004600590000000001N080722000000000000000000000000000000000000000000000000000000000000000100012849428809MOISES CLAUDIO DO ROSARIO               AVENIDA DR. AUGUSTO DE TOLEDO - 510 AP.1            09541520                                                            000107
2SR. CAIXA, APOS O VENCIMENTO COBRAR 2% DE MULTA                                 NAO RECEBER APOS 30 DIAS DO VENCIMENTO.                                                                                                                                                                                                         11072200000000000001107220000000000000       0090339900006270128494072210000108
100000000000000000000009033990000627000000000000000000000000010002020015702307221000000000002            2  01157023072226072200000002552490000000001N080722000000000000000000000000000000000000000000000000000000000000000100015702353846MARIA DE LOURDES DE MACENO SOUZA        RUA JOSE CALIXTO DO CARMO - 286 AP.83 -             11702690                                                            000110
2SR. CAIXA, APOS O VENCIMENTO COBRAR 2% DE MULTA                                 NAO RECEBER APOS 30 DIAS DO VENCIMENTO.                                                                                                                                                                                                         11072200000000000001107220000000000000       0090339900006270157023072210000111
100000000000000000000009033990000627000000000000000000000000010002020003658607221500000000002            2  01036586072226072200000001900590000000001N080722000000000000000000000000000000000000000000000000000000000000000100003658668814MARINEZ VALENTIN                        RUA JOSE CALIXTO DO CARMO - 286 AP.95 -             11702690                                                            000113
2SR. CAIXA, APOS O VENCIMENTO COBRAR 2% DE MULTA                                 NAO RECEBER APOS 30 DIAS DO VENCIMENTO.                                                                                                                                                                                                         11072200000000000001107220000000000000       0090339900006270036586072215000114
100000000000000000000009033990000627000000000000000000000000010002020003658607222300000000002            2  01036586072226072200000001900580000000001N080722000000000000000000000000000000000000000000000000000000000000000100003658668814MARINEZ VALENTIN                        RUA JOSE CALIXTO DO CARMO - 286 AP.95 -             11702690                                                            000116
2SR. CAIXA, APOS O VENCIMENTO COBRAR 2% DE MULTA                                 NAO RECEBER APOS 30 DIAS DO VENCIMENTO.                                                                                                                                                                                                         11072200000000000001107220000000000000       0090339900006270036586072223000117
100000000000000000000009033990000627000000000000000000000000010002020014087407221300000000002            2  01140874072226072200000002539990000000001N080722000000000000000000000000000000000000000000000000000000000000000100014087484874SERGIO SANTOS DO NASCIMENTO             RUA JOSE CALIXTO DO CARMO - 286 AP.52 -             11702690                                                            000119
2SR. CAIXA, APOS O VENCIMENTO COBRAR 2% DE MULTA                                 NAO RECEBER APOS 30 DIAS DO VENCIMENTO.                                                                                                                                                                                                         11072200000000000001107220000000000000       0090339900006270140874072213000120
100000000000000000000009033990000627000000000000000000000000010002020026834507221200000000002            2  01268345072226072200000002340290000000001N080722000000000000000000000000000000000000000000000000000000000000000100026834550895RAQUEL CARDOSO JOAO                     RUA PEDROSO XAVIER - 277 AP.23 TORRE 01             02732020                                                            000122
2SR. CAIXA, APOS O VENCIMENTO COBRAR 2% DE MULTA                                 NAO RECEBER APOS 30 DIAS DO VENCIMENTO.                                                                                                                                                                                                         11072200000000000001107220000000000000       0090339900006270268345072212000123
100000000000000000000009033990000627000000000000000000000000010002020039540007221000000000002            2  01395400072226072200000002300820000000001N080722000000000000000000000000000000000000000000000000000000000000000100039540008816LUZINETE CLARINDO SILVA                 RUA DEINOS - 275 - BAIRRO CIDADE SATELIT            08340100                                                            000125
2SR. CAIXA, APOS O VENCIMENTO COBRAR 2% DE MULTA                                 NAO RECEBER APOS 30 DIAS DO VENCIMENTO.                                                                                                                                                                                                         11072200000000000001107220000000000000       0090339900006270395400072210000126
100000000000000000000009033990000627000000000000000000000000010002020003311007221800000000002            2  01033110072226072200000002396040000000001N080722000000000000000000000000000000000000000000000000000000000000000100003311030877SEBASTIAO SARUVA NETO                   RUA HAMILTON REGIS - 559 - BAIRRO DO LIM            08051440                                                            000128
2SR. CAIXA, APOS O VENCIMENTO COBRAR 2% DE MULTA                                 NAO RECEBER APOS 30 DIAS DO VENCIMENTO.                                                                                                                                                                                                         11072200000000000001107220000000000000       0090339900006270033110072218000129
100000000000000000000009033990000627000000000000000000000000010002020090091907221400000000002            2  01900919072226072200000002290260000000001N080722000000000000000000000000000000000000000000000000000000000000000100090091990882JUECIR CARVALHO DA LUZ                  RUA JOSE CALIXTO DO CARMO - 286 AP.114 -            11702690                                                            000131
2SR. CAIXA, APOS O VENCIMENTO COBRAR 2% DE MULTA                                 NAO RECEBER APOS 30 DIAS DO VENCIMENTO.                                                                                                                                                                                                         11072200000000000001107220000000000000       0090339900006270900919072214000132
100000000000000000000009033990000627000000000000000000000000010002020037325907221600000000002            2  01373259072226072200000006027150000000001N080722000000000000000000000000000000000000000000000000000000000000000100037325923830MARIA AUGUSTA OLIVEIRA DE ANDRADE       RUA JOSE CALIXTO DO CARMO - 286 AP.124 -            11702690                                                            000134
2SR. CAIXA, APOS O VENCIMENTO COBRAR 2% DE MULTA                                 NAO RECEBER APOS 30 DIAS DO VENCIMENTO.                                                                                                                                                                                                         11072200000000000001107220000000000000       0090339900006270373259072216000135
100000000000000000000009033990000627000000000000000000000000010002020037325907222400000000002            2  01373259072226072200000001874260000000001N080722000000000000000000000000000000000000000000000000000000000000000100037325923830MARIA AUGUSTA OLIVEIRA DE ANDRADE       RUA JOSE CALIXTO DO CARMO - 286 AP.124 -            11702690                                                            000137
2SR. CAIXA, APOS O VENCIMENTO COBRAR 2% DE MULTA                                 NAO RECEBER APOS 30 DIAS DO VENCIMENTO.                                                                                                                                                                                                         11072200000000000001107220000000000000       0090339900006270373259072224000138
100000000000000000000009033990000627000000000000000000000000010002020012478807221300000000002            2  01124788072224072200000003412120000000001N080722000000000000000000000000000000000000000000000000000000000000000100012478899809VITORIA BATISTA QUEIROZ                 RUA CARVALHO DE FREITAS - 255 AP.71A - V            05728030                                                            000140
2SR. CAIXA, APOS O VENCIMENTO COBRAR 2% DE MULTA                                 NAO RECEBER APOS 30 DIAS DO VENCIMENTO.                                                                                                                                                                                                         11072200000000000001107220000000000000       0090339900006270124788072213000141
100000000000000000000009033990000627000000000000000000000000010002020013184807221400000000002            2  01131848072226072200000002264230000000001N080722000000000000000000000000000000000000000000000000000000000000000100013184856810SYDNEY HENRIQUE GAMARANO JUNIOR         RUA JOSE CALIXTO DO CARMO - 286 AP.125 -            11702690                                                            000143
2SR. CAIXA, APOS O VENCIMENTO COBRAR 2% DE MULTA                                 NAO RECEBER APOS 30 DIAS DO VENCIMENTO.                                                                                                                                                                                                         11072200000000000001107220000000000000       0090339900006270131848072214000144
100000000000000000000009033990000627000000000000000000000000010002020097989907221800000000002            2  01979899072226072200000001573500000000001N080722000000000000000000000000000000000000000000000000000000000000000100097989924820NELSON LUIS BERRIBILLE                  RUA SILVEIRA IGNACIO SOBRINHO - 965 - VI            13560294                                                            000146
2SR. CAIXA, APOS O VENCIMENTO COBRAR 2% DE MULTA                                 NAO RECEBER APOS 30 DIAS DO VENCIMENTO.                                                                                                                                                                                                         11072200000000000001107220000000000000       0090339900006270979899072218000147
100000000000000000000009033990000627000000000000000000000000010002020032341807221700000000002            2  01323418072224072200000003544220000000001N080722000000000000000000000000000000000000000000000000000000000000000100032341847803PRISCILA ALVES DE FRANCA MIRANDA        RUA CARLOS JOSE BORSTENS - 50 AP.91 - AV            11702750                                                            000149
2SR. CAIXA, APOS O VENCIMENTO COBRAR 2% DE MULTA                                 NAO RECEBER APOS 30 DIAS DO VENCIMENTO.                                                                                                                                                                                                         11072200000000000001107220000000000000       0090339900006270323418072217000150
100000000000000000000009033990000627000000000000000000000000010002020016050607221200000000002            2  01160506072224072200000003289720000000001N080722000000000000000000000000000000000000000000000000000000000000000100016050684898ANDRE RODRIGUES DE OLIVEIRA             RUA CORACAO PAULISTA - 14 - FAZENDA ITAI            08132430                                                            000152
2SR. CAIXA, APOS O VENCIMENTO COBRAR 2% DE MULTA                                 NAO RECEBER APOS 30 DIAS DO VENCIMENTO.                                                                                                                                                                                                         11072200000000000001107220000000000000       0090339900006270160506072212000153
100000000000000000000009033990000627000000000000000000000000010002020021464907221600000000002            2  01214649072224072200000005184690000000001N080722000000000000000000000000000000000000000000000000000000000000000100021464965846ANDREA APARECIDA DE OLIVEIRA PECCI      RUA ANTONIO BOZ MARFIL - 103 - PARQUE DO            05396020                                                            000155
2SR. CAIXA, APOS O VENCIMENTO COBRAR 2% DE MULTA                                 NAO RECEBER APOS 30 DIAS DO VENCIMENTO.                                                                                                                                                                                                         11072200000000000001107220000000000000       0090339900006270214649072216000156
100000000000000000000009033990000627000000000000000000000000010002020030348107221800000000002            2  01303481072224072200000003141400000000001N080722000000000000000000000000000000000000000000000000000000000000000100030348198892KELLY CRISTINA CORDEIRO                 RUA CARLOS JOSE BORSTENS - 50 AP.25 - AV            11702750                                                            000158
2SR. CAIXA, APOS O VENCIMENTO COBRAR 2% DE MULTA                                 NAO RECEBER APOS 30 DIAS DO VENCIMENTO.                                                                                                                                                                                                         11072200000000000001107220000000000000       0090339900006270303481072218000159
9                                                                                                                                                                                                                                                                                                                                                                                                         000160