01REMESSA01COBRANCA       00000000000005331186HB SANTOS CONSTRUTORA E INCORP237BRADESCO       010221        MX0000017                                                                                                                                                                                                                                                                                     000001
100000000000000000000009033990000995400000000000000000000000010002020026858602211900000000002            2  01268586022108022100000002684840000000001N010221000000000000000000000000000000000000000000000000000000000000000100026858625879GLAUCE FERREIRA DE OLIVEIRA FALSI       RUA LOURENCO ANTONIO BRAGANCA - 116 - JA            04403160                                                            000002
2SR. CAIXA, APOS O VENCIMENTO COBRAR 2% DE MULTA                                 NAO RECEBER APOS 30 DIAS DO VENCIMENTO.                                                                                                                                                                                                         01022100000000000000102210000000000000       0090339900009954268586022119000003
100000000000000000000009033990000995400000000000000000000000010002020016960802211P00000000002            2  01169608022108022100000002563570000000001N010221000000000000000000000000000000000000000000000000000000000000000100016960804876LUIZ ALVES DE SOUZA JUNIOR              RUA FRANCISCO ALVES - 394 CASA B - PAECA            11450320                                                            000005
2SR. CAIXA, APOS O VENCIMENTO COBRAR 2% DE MULTA                                 NAO RECEBER APOS 30 DIAS DO VENCIMENTO.                                                                                                                                                                                                         01022100000000000000102210000000000000       009033990000995416960802211P000006
100000000000000000000009033990000995400000000000000000000000010002020008899302211700000000002            2  01088993022108022100000002546900000000001N010221000000000000000000000000000000000000000000000000000000000000000100008899362858ELAINE D ALMEIDA FERDINANDY             ALAMEDA SUBTENENTE AVIADOR FRANCISCO HIE            02187040                                                            000008
2SR. CAIXA, APOS O VENCIMENTO COBRAR 2% DE MULTA                                 NAO RECEBER APOS 30 DIAS DO VENCIMENTO.                                                                                                                                                                                                         01022100000000000000102210000000000000       0090339900009954088993022117000009
100000000000000000000009033990000995400000000000000000000000010002020029425002211100000000002            2  01294250022108022100000002553280000000001N010221000000000000000000000000000000000000000000000000000000000000000100029425027897FABIA DOS SANTOS DE ANDRADE             AVENIDA ALCIDES CANDIDO DOS SANTOS - 248            11705480                                                            000011
2SR. CAIXA, APOS O VENCIMENTO COBRAR 2% DE MULTA                                 NAO RECEBER APOS 30 DIAS DO VENCIMENTO.                                                                                                                                                                                                         01022100000000000000102210000000000000       0090339900009954294250022111000012
100000000000000000000009033990000995400000000000000000000000010002020078382702211700000000002            2  01783827022108022100000002580230000000001N010221000000000000000000000000000000000000000000000000000000000000000100078382700497JARMELINA BARBOSA DA SILVA              RUA OSCAR CINTRA GORDINHO - 211 AP.51 -             01512010                                                            000014
2SR. CAIXA, APOS O VENCIMENTO COBRAR 2% DE MULTA                                 NAO RECEBER APOS 30 DIAS DO VENCIMENTO.                                                                                                                                                                                                         01022100000000000000102210000000000000       0090339900009954783827022117000015
100000000000000000000009033990000995400000000000000000000000010002020007535302211600000000002            2  01075353022108022100000002530230000000001N010221000000000000000000000000000000000000000000000000000000000000000100007535375839AINAILDE PEREIRA DE CASTRO OLIVETTO     TRAVESSA DORALINA ELIETE ADAO DA SILVA -            08021026                                                            000017
2SR. CAIXA, APOS O VENCIMENTO COBRAR 2% DE MULTA                                 NAO RECEBER APOS 30 DIAS DO VENCIMENTO.                                                                                                                                                                                                         01022100000000000000102210000000000000       0090339900009954075353022116000018
100000000000000000000009033990000995400000000000000000000000010002020028974202211300000000002            2  01289742022108022100000002503280000000001N010221000000000000000000000000000000000000000000000000000000000000000100028974233827MARISTELA FAVANI DE OLIVEIRA            RUA GIUSEPPE CARNEVALLI - 96 - BAIRRO BO            09572100                                                            000020
2SR. CAIXA, APOS O VENCIMENTO COBRAR 2% DE MULTA                                 NAO RECEBER APOS 30 DIAS DO VENCIMENTO.                                                                                                                                                                                                         01022100000000000000102210000000000000       0090339900009954289742022113000021
100000000000000000000009033990000995400000000000000000000000010002020092184802211000000000002            2  01921848022108022100000002469950000000001N010221000000000000000000000000000000000000000000000000000000000000000100092184804800CARMEM DO SOCORRO GUILHERME             ESTRADA SAO FRANCISCO - 1.850 AP.182A -             06765000                                                            000023
2SR. CAIXA, APOS O VENCIMENTO COBRAR 2% DE MULTA                                 NAO RECEBER APOS 30 DIAS DO VENCIMENTO.                                                                                                                                                                                                         01022100000000000000102210000000000000       0090339900009954921848022110000024
100000000000000000000009033990000995400000000000000000000000010002020092184802212900000000002            2  01921848022108022100000002469940000000001N010221000000000000000000000000000000000000000000000000000000000000000100092184804800CARMEM DO SOCORRO GUILHERME             ESTRADA SAO FRANCISCO - 1.850 AP.182A -             06765000                                                            000026
2SR. CAIXA, APOS O VENCIMENTO COBRAR 2% DE MULTA                                 NAO RECEBER APOS 30 DIAS DO VENCIMENTO.                                                                                                                                                                                                         01022100000000000000102210000000000000       0090339900009954921848022129000027
100000000000000000000009033990000995400000000000000000000000010002020009169702211000000000002            2  01091697022108022100000001980920000000001N010221000000000000000000000000000000000000000000000000000000000000000100009169701830TADEU CONSTANTINO LOPES                 RUA JOSE ANTONIO COELHO - 349 CASA 01 -             04011061                                                            000029
2SR. CAIXA, APOS O VENCIMENTO COBRAR 2% DE MULTA                                 NAO RECEBER APOS 30 DIAS DO VENCIMENTO.                                                                                                                                                                                                         01022100000000000000102210000000000000       0090339900009954091697022110000030
100000000000000000000009033990000995400000000000000000000000010002020042480102211900000000002            2  01424801022108022100000002519950000000001N010221000000000000000000000000000000000000000000000000000000000000000100042480155870JAMITRE SOIOMARA ALVES DO NASCIMENTO DAVAVENIDA PRESIDENTE CASTELO BRANCO - 1.80            11700015                                                            000032
2SR. CAIXA, APOS O VENCIMENTO COBRAR 2% DE MULTA                                 NAO RECEBER APOS 30 DIAS DO VENCIMENTO.                                                                                                                                                                                                         01022100000000000000102210000000000000       0090339900009954424801022119000033
100000000000000000000009033990000995400000000000000000000000010002020004611202211500000000002            2  01046112022108022100000002466260000000001N010221000000000000000000000000000000000000000000000000000000000000000100004611218830TANIA MARIA DA SILVA NUNES PEREIRA LUIZ RODOVIA RAPOSO TAVARES, 7389 KM 17,5 - A            05576200                                                            000035
2SR. CAIXA, APOS O VENCIMENTO COBRAR 2% DE MULTA                                 NAO RECEBER APOS 30 DIAS DO VENCIMENTO.                                                                                                                                                                                                         01022100000000000000102210000000000000       0090339900009954046112022115000036
100000000000000000000009033990000995400000000000000000000000010002020008966502211400000000002            2  01089665022108022100000002380920000000001N010221000000000000000000000000000000000000000000000000000000000000000100008966511856MONICA SILVA REIS                       RUA ORATORIO - 264 E FUNDOS - BANGU - SA            09280550                                                            000038
2SR. CAIXA, APOS O VENCIMENTO COBRAR 2% DE MULTA                                 NAO RECEBER APOS 30 DIAS DO VENCIMENTO.                                                                                                                                                                                                         01022100000000000000102210000000000000       0090339900009954089665022114000039
100000000000000000000009033990000995400000000000000000000000010002020036898602211200000000002            2  01368986022108022100000002397590000000001N010221000000000000000000000000000000000000000000000000000000000000000100036898609890GABRIEL FRANCHESCHI PALVO               AVENIDA CORONEL JOSE OSORIO - 771 - CENT            85555000                                                            000041
2SR. CAIXA, APOS O VENCIMENTO COBRAR 2% DE MULTA                                 NAO RECEBER APOS 30 DIAS DO VENCIMENTO.                                                                                                                                                                                                         01022100000000000000102210000000000000       0090339900009954368986022112000042
100000000000000000000009033990000995400000000000000000000000010002020004170402211600000000002            2  01041704022108022100000002480230000000001N010221000000000000000000000000000000000000000000000000000000000000000100004170457862JOAO MARCOS ROCHA DA SILVA              RUA AVENCA - 82 - JARDIM ADRIANA - ITAQU            08582180                                                            000044
2SR. CAIXA, APOS O VENCIMENTO COBRAR 2% DE MULTA                                 NAO RECEBER APOS 30 DIAS DO VENCIMENTO.                                                                                                                                                                                                         01022100000000000000102210000000000000       0090339900009954041704022116000045
9                                                                                                                                                                                                                                                                                                                                                                                                         000046