01REMESSA01COBRANCA       00000000000005623874H B SANTOS CONSTRUTORA E INCOR237BRADESCO       071223        MX0000005                                                                                                                                                                                                                                                                                     000001
100000000000000000000009033990001086300000000000000000000000010002100012644912231P00000000002            2  01126449122325122300000003193100000000001N061223000000000000000000000000000000000000000000000000000000000000000100012644907802SIMONE SERRANO SILVA PRADO              RUA TAIUVINHA - 597 - BAIRRO JARDIM JACU            08060040                                                            000002
2SR. CAIXA, APOS O VENCIMENTO COBRAR 10% DE MULTA                                NAO RECEBER APOS 30 DIAS DO VENCIMENTO.                                                                                                                                                                                                         07122300000000000000712230000000000000       009033990001086312644912231P000003
100000000000000000000009033990001086300000000000000000000000010002100033870212231000000000002            2  01338702122325122300000003109980000000001N061223000000000000000000000000000000000000000000000000000000000000000100033870205890NATHALIA GOMES PAZ                      ALAMEDA INHAMBU - 214 RESIDENCIAL 10 - B            06540100                                                            000005
2SR. CAIXA, APOS O VENCIMENTO COBRAR 10% DE MULTA                                NAO RECEBER APOS 30 DIAS DO VENCIMENTO.                                                                                                                                                                                                         07122300000000000000712230000000000000       0090339900010863338702122310000006
100000000000000000000009033990001086300000000000000000000000010002100055874012231600000000002            2  01558740122325122300000003095080000000001N061223000000000000000000000000000000000000000000000000000000000000000100055874045104MANUEL MARTINS AFONSO JUNIOR            AVENIDA AFONSO PENA - 463 - BAIRRO ESTUA            11020003                                                            000008
2SR. CAIXA, APOS O VENCIMENTO COBRAR 10% DE MULTA                                NAO RECEBER APOS 30 DIAS DO VENCIMENTO.                                                                                                                                                                                                         07122300000000000000712230000000000000       0090339900010863558740122316000009
9                                                                                                                                                                                                                                                                                                                                                                                                         000010