01REMESSA01COBRANCA       00000000000008017025HB SANTOS CONSTRUTORA E INCORP237BRADESCO       010617        MX0000031                                                                                                                                                                                                                                                                                     000001
100000000000000000000009033990000627000000000000000000000000010002020016724138171900000000002            2  01167241381709061700000002114290000000001N010617000000000000000000000000000000000000000000000000000000000000000100029671526845ROGERIO CONSENTINO                      RUA CARLOS MAZER  - 678 - VILA CARMOSINA            08290700                                                            000002
2SR. CAIXA, APOS O VENCIMENTO COBRAR 2% DE MULTA                                 NAO RECEBER APOS 30 DIAS DO VENCIMENTO.                                                                                                                                                                                                         01061700000000000000106170000000000000       0090339900006270167241381719000003
100000000000000000000009033990000627000000000000000000000000010002020017074141174700000000002            2  01170741411709061700000001997100000000001N010617000000000000000000000000000000000000000000000000000000000000000100003863075803HERALDO MENQUINI                        RUA OCEANICA AMABILE - 346 AP.415 - CIDA            11704420                                                            000005
2SR. CAIXA, APOS O VENCIMENTO COBRAR 2% DE MULTA                                 NAO RECEBER APOS 30 DIAS DO VENCIMENTO.                                                                                                                                                                                                         01061700000000000000106170000000000000       0090339900006270170741411747000006
100000000000000000000009033990000627000000000000000000000000010002020017221142175200000000002            2  01172211421709061700000002976920000000001N010617000000000000000000000000000000000000000000000000000000000000000100025047474895DEMETRIUS GOLDSTEIN GUEDES              PRACA PALMARES - 28 - MACUCO - SANTOS -             11015330                                                            000008
2SR. CAIXA, APOS O VENCIMENTO COBRAR 2% DE MULTA                                 NAO RECEBER APOS 30 DIAS DO VENCIMENTO.                                                                                                                                                                                                         01061700000000000000106170000000000000       0090339900006270172211421752000009
100000000000000000000009033990000627000000000000000000000000010002020018495145186600000000002            2  01184951451809061700000002359100000000001N010617000000000000000000000000000000000000000000000000000000000000000100067470041834PEDRO RAIMUNDO MAGALHAES                RUA TANCREDO DE ALMEIDA NEVES - 36 - JAR            06865010                                                            000011
2SR. CAIXA, APOS O VENCIMENTO COBRAR 2% DE MULTA                                 NAO RECEBER APOS 30 DIAS DO VENCIMENTO.                                                                                                                                                                                                         01061700000000000000106170000000000000       0090339900006270184951451866000012
100000000000000000000009033990000627000000000000000000000000010002020018752148188400000000002            2  01187521481809061700000002442610000000001N010617000000000000000000000000000000000000000000000000000000000000000100013135261859EDUARDO ZANOLA                          RUA ROLANDO PIETRO BONINI - 46 - JARDIM             09781040                                                            000014
2SR. CAIXA, APOS O VENCIMENTO COBRAR 2% DE MULTA                                 NAO RECEBER APOS 30 DIAS DO VENCIMENTO.                                                                                                                                                                                                         01061700000000000000106170000000000000       0090339900006270187521481884000015
100000000000000000000009033990000627000000000000000000000000010002020018897149189400000000002            2  01188971491809061700000002045840000000001N010617000000000000000000000000000000000000000000000000000000000000000100029028478825LEONARDO LOUZADA                        RUA ILHEUS - QUADRA 31 - 244 - BAIRRO CE            19274000                                                            000017
2SR. CAIXA, APOS O VENCIMENTO COBRAR 2% DE MULTA                                 NAO RECEBER APOS 30 DIAS DO VENCIMENTO.                                                                                                                                                                                                         01061700000000000000106170000000000000       0090339900006270188971491894000018
100000000000000000000009033990000627000000000000000000000000010002020019898156197700000000002            2  01198981561909061700000002956650000000001N010617000000000000000000000000000000000000000000000000000000000000000100032878512847LEONARDO MOURA MONIZ CALDEIRA           RUA BALSA - 682 AP.134 T.02 - VILA ARCAD            02910000                                                            000020
2SR. CAIXA, APOS O VENCIMENTO COBRAR 2% DE MULTA                                 NAO RECEBER APOS 30 DIAS DO VENCIMENTO.                                                                                                                                                                                                         01061700000000000000106170000000000000       0090339900006270198981561977000021
100000000000000000000009033990000627000000000000000000000000010002020020442159201P00000000002            2  01204421592009061700000003145330000000001N010617000000000000000000000000000000000000000000000000000000000000000100016479002806LOURDES PEREIRA DE QUEIROZ SECANECHIA   RUA PAULINO CURSI - 437 - CIDADE SAO MAT            03960060                                                            000023
2SR. CAIXA, APOS O VENCIMENTO COBRAR 2% DE MULTA                                 NAO RECEBER APOS 30 DIAS DO VENCIMENTO.                                                                                                                                                                                                         01061700000000000000106170000000000000       009033990000627020442159201P000024
100000000000000000000009033990000627000000000000000000000000010002020020912162205900000000002            2  01209121622009061700000002320690000000001N010617000000000000000000000000000000000000000000000000000000000000000100019635091885IVAN VIEIRA SILVA                       ABRAO JORGE - 3001 - JARDIM INTEGRACAO -            14405397                                                            000026
2SR. CAIXA, APOS O VENCIMENTO COBRAR 2% DE MULTA                                 NAO RECEBER APOS 30 DIAS DO VENCIMENTO.                                                                                                                                                                                                         01061700000000000000106170000000000000       0090339900006270209121622059000027
100000000000000000000009033990000627000000000000000000000000010002020022159170216400000000002            2  01221591702109061700000002283510000000001N010617000000000000000000000000000000000000000000000000000000000000000100009361471805JOSE BARBOSA DA SILVA                   RUA ALFREDO INACIO TRINDADE  - 60 AP.44             02344100                                                            000029
2SR. CAIXA, APOS O VENCIMENTO COBRAR 2% DE MULTA                                 NAO RECEBER APOS 30 DIAS DO VENCIMENTO.                                                                                                                                                                                                         01061700000000000000106170000000000000       0090339900006270221591702164000030
100000000000000000000009033990000627000000000000000000000000010002020022306171217P00000000002            2  01223061712109061700000001971180000000001N010617000000000000000000000000000000000000000000000000000000000000000100012756959812ITAMAR JUVENAL DIAS DA SILVA            RUA ELISEU REINALDO MORAES VIEIRA - 90 A            02858000                                                            000032
2SR. CAIXA, APOS O VENCIMENTO COBRAR 2% DE MULTA                                 NAO RECEBER APOS 30 DIAS DO VENCIMENTO.                                                                                                                                                                                                         01061700000000000000106170000000000000       009033990000627022306171217P000033
100000000000000000000009033990000627000000000000000000000000010002020022871175222P00000000002            2  01228711752209061700000002330450000000001N010617000000000000000000000000000000000000000000000000000000000000000100002731042842VALTER CERQUEIRA VILLA NOVA             RUA MACHADO - 106 - VILA AUGUSTA - GUARU            07025210                                                            000035
2SR. CAIXA, APOS O VENCIMENTO COBRAR 2% DE MULTA                                 NAO RECEBER APOS 30 DIAS DO VENCIMENTO.                                                                                                                                                                                                         01061700000000000000106170000000000000       009033990000627022871175222P000036
100000000000000000000009033990000627000000000000000000000000010002020023004175222800000000002            2  01230041752209061700000002330450000000001N010617000000000000000000000000000000000000000000000000000000000000000100002731042842VALTER CERQUEIRA VILLA NOVA             RUA MACHADO - 106 - VILA AUGUSTA - GUARU            07025210                                                            000038
2SR. CAIXA, APOS O VENCIMENTO COBRAR 2% DE MULTA                                 NAO RECEBER APOS 30 DIAS DO VENCIMENTO.                                                                                                                                                                                                         01061700000000000000106170000000000000       0090339900006270230041752228000039
100000000000000000000009033990000627000000000000000000000000010002020023159177224900000000002            2  01231591772209061700000002104370000000001N010617000000000000000000000000000000000000000000000000000000000000000100028802158894ELIEL HENRIQUE ZUZA                     RUA MONTE CASTELO - 262 AP.14 - BAIRRO A            11702720                                                            000041
2SR. CAIXA, APOS O VENCIMENTO COBRAR 2% DE MULTA                                 NAO RECEBER APOS 30 DIAS DO VENCIMENTO.                                                                                                                                                                                                         01061700000000000000106170000000000000       0090339900006270231591772249000042
100000000000000000000009033990000627000000000000000000000000010002020023308178225000000000002            2  01233081782209061700000001968120000000001N010617000000000000000000000000000000000000000000000000000000000000000100008739150895VANGEVALDO BATISTA SANT ANNA            TRAVESSA TOMAZIN - 02 - ERMELINO MATARAZ            03811125                                                            000044
2SR. CAIXA, APOS O VENCIMENTO COBRAR 2% DE MULTA                                 NAO RECEBER APOS 30 DIAS DO VENCIMENTO.                                                                                                                                                                                                         01061700000000000000106170000000000000       0090339900006270233081782250000045
100000000000000000000009033990000627000000000000000000000000010002020023746181228P00000000002            2  01237461812211061700000001757270000000001N010617000000000000000000000000000000000000000000000000000000000000000100005313717863EDIMICIO JOSE DE ARAUJO                 PRACA NICOLAU GERAIGIRE - 680 CA A - JAR            11095110                                                            000047
2SR. CAIXA, APOS O VENCIMENTO COBRAR 2% DE MULTA                                 NAO RECEBER APOS 30 DIAS DO VENCIMENTO.                                                                                                                                                                                                         01061700000000000000106170000000000000       009033990000627023746181228P000048
100000000000000000000009033990000627000000000000000000000000010002020023892182229300000000002            2  01238921822211061700000001688140000000001N010617000000000000000000000000000000000000000000000000000000000000000100029433631897MARIO MUNIZ                             RUA LIBERO BADARO - 1115 - BAIRRO CIDADE            11704070                                                            000050
2SR. CAIXA, APOS O VENCIMENTO COBRAR 2% DE MULTA                                 NAO RECEBER APOS 30 DIAS DO VENCIMENTO.                                                                                                                                                                                                         01061700000000000000106170000000000000       0090339900006270238921822293000051
100000000000000000000009033990000627000000000000000000000000010002020024036183230600000000002            2  01240361832311061700000001513840000000001N010617000000000000000000000000000000000000000000000000000000000000000100038856851830FELIPE BIANCHI DA COSTA FREITAS         AVENIDA ENGENHEIRO ARMANDO DE ARRUDA PER            04325001                                                            000053
2SR. CAIXA, APOS O VENCIMENTO COBRAR 2% DE MULTA                                 NAO RECEBER APOS 30 DIAS DO VENCIMENTO.                                                                                                                                                                                                         01061700000000000000106170000000000000       0090339900006270240361832306000054
100000000000000000000009033990000627000000000000000000000000010002020024330180232600000000002            2  01243301802311061700000001554180000000001N010617000000000000000000000000000000000000000000000000000000000000000100001847204864AMERICA CONCEICAO DA SILVA              RUA CAMINHO DO GUARAMAR - 199 AP.11 BLOC            11721050                                                            000056
2SR. CAIXA, APOS O VENCIMENTO COBRAR 2% DE MULTA                                 NAO RECEBER APOS 30 DIAS DO VENCIMENTO.                                                                                                                                                                                                         01061700000000000000106170000000000000       0090339900006270243301802326000057
100000000000000000000009033990000627000000000000000000000000010002020025651189241100000000002            2  01256511892409061700000002009740000000001N010617000000000000000000000000000000000000000000000000000000000000000100005029828885LAURINETE DA CONCEICAO DE NORONHA       RUA MARIA LUCIA DE TOLEDO LEITE MORAES -            04434040                                                            000059
2SR. CAIXA, APOS O VENCIMENTO COBRAR 2% DE MULTA                                 NAO RECEBER APOS 30 DIAS DO VENCIMENTO.                                                                                                                                                                                                         01061700000000000000106170000000000000       0090339900006270256511892411000060
100000000000000000000009033990000627000000000000000000000000010002020027109195252800000000002            2  01271091952511061700000001638430000000001N010617000000000000000000000000000000000000000000000000000000000000000100027682175818ALINE TEIXEIRA                          RUA CRUZEIRO DO SUL - 309 - JARDIM BOM P            06385060                                                            000062
2SR. CAIXA, APOS O VENCIMENTO COBRAR 2% DE MULTA                                 NAO RECEBER APOS 30 DIAS DO VENCIMENTO.                                                                                                                                                                                                         01061700000000000000106170000000000000       0090339900006270271091952528000063
100000000000000000000009033990000627000000000000000000000000010002020027250195252700000000002            2  01272501952511061700000001638430000000001N010617000000000000000000000000000000000000000000000000000000000000000100027682175818ALINE TEIXEIRA                          RUA CRUZEIRO DO SUL - 309 - JARDIM BOM P            06385060                                                            000065
2SR. CAIXA, APOS O VENCIMENTO COBRAR 2% DE MULTA                                 NAO RECEBER APOS 30 DIAS DO VENCIMENTO.                                                                                                                                                                                                         01061700000000000000106170000000000000       0090339900006270272501952527000066
100000000000000000000009033990000627000000000000000000000000010002020027839200257000000000002            2  01278392002511061700000001645680000000001N010617000000000000000000000000000000000000000000000000000000000000000100013388936889NEUTON DE SOUZA RAMOS                   RUA MARIA CRISTINA - 932 - JARDIM CASQUE            11533160                                                            000068
2SR. CAIXA, APOS O VENCIMENTO COBRAR 2% DE MULTA                                 NAO RECEBER APOS 30 DIAS DO VENCIMENTO.                                                                                                                                                                                                         01061700000000000000106170000000000000       0090339900006270278392002570000069
100000000000000000000009033990000627000000000000000000000000010002020028131202259300000000002            2  01281312022511061700000001676560000000001N010617000000000000000000000000000000000000000000000000000000000000000100012774906865JOSE MILTON SANTIAGO                    RUA BATATAIS - 47 - CIDADE ESTELA - POA             08563140                                                            000071
2SR. CAIXA, APOS O VENCIMENTO COBRAR 2% DE MULTA                                 NAO RECEBER APOS 30 DIAS DO VENCIMENTO.                                                                                                                                                                                                         01061700000000000000106170000000000000       0090339900006270281312022593000072
100000000000000000000009033990000627000000000000000000000000010002020028282203260300000000002            2  01282822032609061700000002928700000000001N010617000000000000000000000000000000000000000000000000000000000000000100004234989835LUIZ ISRAEL DA COSTA                    AVENIDA FERNANDO PACHECO JORDAO - 907 -             08121510                                                            000074
2SR. CAIXA, APOS O VENCIMENTO COBRAR 2% DE MULTA                                 NAO RECEBER APOS 30 DIAS DO VENCIMENTO.                                                                                                                                                                                                         01061700000000000000106170000000000000       0090339900006270282822032603000075
9                                                                                                                                                                                                                                                                                                                                                                                                         000076