01REMESSA01COBRANCA       00000000000008017025HB SANTOS CONSTRUTORA E INCORP237BRADESCO       011221        MX0000142                                                                                                                                                                                                                                                                                     000001
100000000000000000000009033990000627000000000000000000000000010002020016479012211400000000002            2  01164790122109122100000004608910000000001N011221000000000000000000000000000000000000000000000000000000000000000100016479002806LOURDES PEREIRA DE QUEIROZ SECANECHIA   RUA PAULINO CURSI - 437 - CIDADE SAO MAT            03960060                                                            000002
2SR. CAIXA, APOS O VENCIMENTO COBRAR 2% DE MULTA                                 NAO RECEBER APOS 30 DIAS DO VENCIMENTO.                                                                                                                                                                                                         01122100000000000000112210000000000000       0090339900006270164790122114000003
100000000000000000000009033990000627000000000000000000000000010002020009361412211100000000002            2  01093614122109122100000003346080000000001N011221000000000000000000000000000000000000000000000000000000000000000100009361471805JOSE BARBOSA DA SILVA                   RUA ALFREDO INACIO TRINDADE  - 60 AP.44             02344100                                                            000005
2SR. CAIXA, APOS O VENCIMENTO COBRAR 2% DE MULTA                                 NAO RECEBER APOS 30 DIAS DO VENCIMENTO.                                                                                                                                                                                                         01122100000000000000112210000000000000       0090339900006270093614122111000006
100000000000000000000009033990000627000000000000000000000000010002020012756912211500000000002            2  01127569122109122100000002888410000000001N011221000000000000000000000000000000000000000000000000000000000000000100012756959812ITAMAR JUVENAL DIAS DA SILVA            RUA ELISEU REINALDO MORAES VIEIRA - 90 A            02858000                                                            000008
2SR. CAIXA, APOS O VENCIMENTO COBRAR 2% DE MULTA                                 NAO RECEBER APOS 30 DIAS DO VENCIMENTO.                                                                                                                                                                                                         01122100000000000000112210000000000000       0090339900006270127569122115000009
100000000000000000000009033990000627000000000000000000000000010002020029433612211900000000002            2  01294336122111122100000002394510000000001N011221000000000000000000000000000000000000000000000000000000000000000100029433631897MARIO MUNIZ                             RUA JOSE CALIXTO DO CARMO - 286 AP.53 -             11702690                                                            000011
2SR. CAIXA, APOS O VENCIMENTO COBRAR 2% DE MULTA                                 NAO RECEBER APOS 30 DIAS DO VENCIMENTO.                                                                                                                                                                                                         01122100000000000000112210000000000000       0090339900006270294336122119000012
100000000000000000000009033990000627000000000000000000000000010002020005029812211100000000002            2  01050298122109122100000002944900000000001N011221000000000000000000000000000000000000000000000000000000000000000100005029828885LAURINETE DA CONCEICAO DE NORONHA       RUA MARIA LUCIA DE TOLEDO LEITE MORAES -            04434040                                                            000014
2SR. CAIXA, APOS O VENCIMENTO COBRAR 2% DE MULTA                                 NAO RECEBER APOS 30 DIAS DO VENCIMENTO.                                                                                                                                                                                                         01122100000000000000112210000000000000       0090339900006270050298122111000015
100000000000000000000009033990000627000000000000000000000000010002020013388912211300000000002            2  01133889122111122100000002334260000000001N011221000000000000000000000000000000000000000000000000000000000000000100013388936889NEUTON DE SOUZA RAMOS                   RUA MARIA CRISTINA - 932 - JARDIM CASQUE            11533160                                                            000017
2SR. CAIXA, APOS O VENCIMENTO COBRAR 2% DE MULTA                                 NAO RECEBER APOS 30 DIAS DO VENCIMENTO.                                                                                                                                                                                                         01122100000000000000112210000000000000       0090339900006270133889122113000018
100000000000000000000009033990000627000000000000000000000000010002020012774912211300000000002            2  01127749122111122100000002378090000000001N011221000000000000000000000000000000000000000000000000000000000000000100012774906865JOSE MILTON SANTIAGO                    RUA BATATAIS - 47 - CIDADE ESTELA - POA             08563140                                                            000020
2SR. CAIXA, APOS O VENCIMENTO COBRAR 2% DE MULTA                                 NAO RECEBER APOS 30 DIAS DO VENCIMENTO.                                                                                                                                                                                                         01122100000000000000112210000000000000       0090339900006270127749122113000021
100000000000000000000009033990000627000000000000000000000000010002020016294112211900000000002            2  01162941122109122100000002923770000000001N011221000000000000000000000000000000000000000000000000000000000000000100016294119812JURACY FELIX DE ARRUDA                  RUA CARLOS JOSE BORSTENS - 50 AP.23 - AV            11702750                                                            000023
2SR. CAIXA, APOS O VENCIMENTO COBRAR 2% DE MULTA                                 NAO RECEBER APOS 30 DIAS DO VENCIMENTO.                                                                                                                                                                                                         01122100000000000000112210000000000000       0090339900006270162941122119000024
100000000000000000000009033990000627000000000000000000000000010002020005613812211300000000002            2  01056138122111122100000002187180000000001N011221000000000000000000000000000000000000000000000000000000000000000100005613843805NILZA MARIA DE OLIVEIRA                 RUA JOSE GONCALVES DE FREITAS - 66 C2 -             08210550                                                            000026
2SR. CAIXA, APOS O VENCIMENTO COBRAR 2% DE MULTA                                 NAO RECEBER APOS 30 DIAS DO VENCIMENTO.                                                                                                                                                                                                         01122100000000000000112210000000000000       0090339900006270056138122113000027
100000000000000000000009033990000627000000000000000000000000010002020007574912211300000000002            2  01075749122111122100000002245080000000001N011221000000000000000000000000000000000000000000000000000000000000000100007574936889JORGE LUCIANO PEREIRA BORRIELLO         RUA JOSE CALIXTO DO CARMO - 286 AP.54 -             11702690                                                            000029
2SR. CAIXA, APOS O VENCIMENTO COBRAR 2% DE MULTA                                 NAO RECEBER APOS 30 DIAS DO VENCIMENTO.                                                                                                                                                                                                         01122100000000000000112210000000000000       0090339900006270075749122113000030
100000000000000000000009033990000627000000000000000000000000010002020008214912211600000000002            2  01082149122111122100000002279140000000001N011221000000000000000000000000000000000000000000000000000000000000000100008214973830JAMIL CHALA                             RUA JOSE CALIXTO DO CARMO - 286 AP.22 -             11702690                                                            000032
2SR. CAIXA, APOS O VENCIMENTO COBRAR 2% DE MULTA                                 NAO RECEBER APOS 30 DIAS DO VENCIMENTO.                                                                                                                                                                                                         01122100000000000000112210000000000000       0090339900006270082149122116000033
100000000000000000000009033990000627000000000000000000000000010002020032495012211300000000002            2  01324950122111122100000002554070000000001N011221000000000000000000000000000000000000000000000000000000000000000100032495004881PAULO EDUARDO DOS SANTOS                RUA REPUBLICA DO IRAQUE - 1119 - CAMPO B            04611002                                                            000035
2SR. CAIXA, APOS O VENCIMENTO COBRAR 2% DE MULTA                                 NAO RECEBER APOS 30 DIAS DO VENCIMENTO.                                                                                                                                                                                                         01122100000000000000112210000000000000       0090339900006270324950122113000036
100000000000000000000009033990000627000000000000000000000000010002020016498012211000000000002            2  01164980122111122100000002240000000000001N011221000000000000000000000000000000000000000000000000000000000000000100016498053810GILMA CEZARIO GARCIA CORRITORI          RUA LAURENTINO XAVIER DOS SANTOS - 336 -            08240740                                                            000038
2SR. CAIXA, APOS O VENCIMENTO COBRAR 2% DE MULTA                                 NAO RECEBER APOS 30 DIAS DO VENCIMENTO.                                                                                                                                                                                                         01122100000000000000112210000000000000       0090339900006270164980122110000039
100000000000000000000009033990000627000000000000000000000000010002020029339012211P00000000002            2  01293390122111122100000002395300000000001N011221000000000000000000000000000000000000000000000000000000000000000100029339051831RONALD DIDOFF                           RUA CORONEL FERREIRA BRAGA - 188 - VILA             03522010                                                            000041
2SR. CAIXA, APOS O VENCIMENTO COBRAR 2% DE MULTA                                 NAO RECEBER APOS 30 DIAS DO VENCIMENTO.                                                                                                                                                                                                         01122100000000000000112210000000000000       009033990000627029339012211P000042
100000000000000000000009033990000627000000000000000000000000010002020017357812211100000000002            2  01173578122111122100000002536820000000001N011221000000000000000000000000000000000000000000000000000000000000000100017357859894MARCIO GUIMARAES                        RUA GENERAL CAMARA - 188 SALA 11 - CENTR            11010120                                                            000044
2SR. CAIXA, APOS O VENCIMENTO COBRAR 2% DE MULTA                                 NAO RECEBER APOS 30 DIAS DO VENCIMENTO.                                                                                                                                                                                                         01122100000000000000112210000000000000       0090339900006270173578122111000045
100000000000000000000009033990000627000000000000000000000000010002020010563012211100000000002            2  01105630122111122100000002601660000000001N011221000000000000000000000000000000000000000000000000000000000000000100010563033878VERA LUCIA RIBEIRO LONGANEZI            RUA DOS CAMARES - 150 AP.24 BL.02 - CARA            02068030                                                            000047
2SR. CAIXA, APOS O VENCIMENTO COBRAR 2% DE MULTA                                 NAO RECEBER APOS 30 DIAS DO VENCIMENTO.                                                                                                                                                                                                         01122100000000000000112210000000000000       0090339900006270105630122111000048
100000000000000000000009033990000627000000000000000000000000010002020005529612211600000000002            2  01055296122111122100000002360920000000001N011221000000000000000000000000000000000000000000000000000000000000000100005529616801JOAQUIM JORGE DA COSTA                  RUA JOSE CALIXTO DO CARMO - 286 AP.106 -            11702690                                                            000050
2SR. CAIXA, APOS O VENCIMENTO COBRAR 2% DE MULTA                                 NAO RECEBER APOS 30 DIAS DO VENCIMENTO.                                                                                                                                                                                                         01122100000000000000112210000000000000       0090339900006270055296122116000051
100000000000000000000009033990000627000000000000000000000000010002020015550712211200000000002            2  01155507122109122100000002232230000000001N011221000000000000000000000000000000000000000000000000000000000000000100015550706806MARY MIWA                               RUA CARLOS JOSE BORSTENS - 50 AP.105 - A            11702750                                                            000053
2SR. CAIXA, APOS O VENCIMENTO COBRAR 2% DE MULTA                                 NAO RECEBER APOS 30 DIAS DO VENCIMENTO.                                                                                                                                                                                                         01122100000000000000112210000000000000       0090339900006270155507122112000054
100000000000000000000009033990000627000000000000000000000000010002020015464612211200000000002            2  01154646122111122100000002481900000000001N011221000000000000000000000000000000000000000000000000000000000000000100015464647864SONIA TERESA VOLPATO                    RUA JOSE CALIXTO DO CARMO - 286 AP.73 -             11702690                                                            000056
2SR. CAIXA, APOS O VENCIMENTO COBRAR 2% DE MULTA                                 NAO RECEBER APOS 30 DIAS DO VENCIMENTO.                                                                                                                                                                                                         01122100000000000000112210000000000000       0090339900006270154646122112000057
100000000000000000000009033990000627000000000000000000000000010002020008657812211100000000002            2  01086578122111122100000002456970000000001N011221000000000000000000000000000000000000000000000000000000000000000100008657886855ARLINDO DA CRUZ                         AVENIDA ARICANDUVA - 8.256 AP.54 BL.10 -            03951220                                                            000059
2SR. CAIXA, APOS O VENCIMENTO COBRAR 2% DE MULTA                                 NAO RECEBER APOS 30 DIAS DO VENCIMENTO.                                                                                                                                                                                                         01122100000000000000112210000000000000       0090339900006270086578122111000060
100000000000000000000009033990000627000000000000000000000000010002020004265712211100000000002            2  01042657122109122100000003289090000000001N011221000000000000000000000000000000000000000000000000000000000000000100004265781713ALEXANDRE CASADO COSTA                  RUA CARLOS JOSE BORSTENS - 50 AP.33 - AV            11702750                                                            000062
2SR. CAIXA, APOS O VENCIMENTO COBRAR 2% DE MULTA                                 NAO RECEBER APOS 30 DIAS DO VENCIMENTO.                                                                                                                                                                                                         01122100000000000000112210000000000000       0090339900006270042657122111000063
100000000000000000000009033990000627000000000000000000000000010002020059735112211P00000000002            2  01597351122109122100000001389240000000001N011221000000000000000000000000000000000000000000000000000000000000000100059735180863HELIO JOSE MARQUES                      RUA MARTIM AFONSO DE SOUZA - 1007 AP.102            11702790                                                            000065
2SR. CAIXA, APOS O VENCIMENTO COBRAR 2% DE MULTA                                 NAO RECEBER APOS 30 DIAS DO VENCIMENTO.                                                                                                                                                                                                         01122100000000000000112210000000000000       009033990000627059735112211P000066
100000000000000000000009033990000627000000000000000000000000010002020026347812211300000000002            2  01263478122111122100000002626440000000001N011221000000000000000000000000000000000000000000000000000000000000000100026347872862VALDECI SILVA MEIRELES                  RUA JOSE BATISTA DA SILVA - 292 - JARDIM            06851470                                                            000068
2SR. CAIXA, APOS O VENCIMENTO COBRAR 2% DE MULTA                                 NAO RECEBER APOS 30 DIAS DO VENCIMENTO.                                                                                                                                                                                                         01122100000000000000112210000000000000       0090339900006270263478122113000069
100000000000000000000009033990000627000000000000000000000000010002020013135212211400000000002            2  01131352122111122100000002413040000000001N011221000000000000000000000000000000000000000000000000000000000000000100013135261859EDUARDO ZANOLA                          RUA ROLANDO PIETRO BONINI - 46 - JARDIM             09781040                                                            000071
2SR. CAIXA, APOS O VENCIMENTO COBRAR 2% DE MULTA                                 NAO RECEBER APOS 30 DIAS DO VENCIMENTO.                                                                                                                                                                                                         01122100000000000000112210000000000000       0090339900006270131352122114000072
100000000000000000000009033990000627000000000000000000000000010002020009797612211500000000002            2  01097976122111122100000002350040000000001N011221000000000000000000000000000000000000000000000000000000000000000100009797626857RICARDO SOBRAL DE OLIVEIRA              RUA 23 DE MAIO - 139 AP.32 - VILA MIRIM             11704690                                                            000074
2SR. CAIXA, APOS O VENCIMENTO COBRAR 2% DE MULTA                                 NAO RECEBER APOS 30 DIAS DO VENCIMENTO.                                                                                                                                                                                                         01122100000000000000112210000000000000       0090339900006270097976122115000075
100000000000000000000009033990000627000000000000000000000000010002020004767612211600000000002            2  01047676122109122100000004018530000000001N011221000000000000000000000000000000000000000000000000000000000000000100004767679893ORLANDO GRANDE FILHO                    RUA ORLANDO MIGLIARI - 101 - JARDIM OURO            19906140                                                            000077
2SR. CAIXA, APOS O VENCIMENTO COBRAR 2% DE MULTA                                 NAO RECEBER APOS 30 DIAS DO VENCIMENTO.                                                                                                                                                                                                         01122100000000000000112210000000000000       0090339900006270047676122116000078
100000000000000000000009033990000627000000000000000000000000010002020006512512211300000000002            2  01065125122111122100000002113970000000001N011221000000000000000000000000000000000000000000000000000000000000000100006512547870MARIA DO CARMO FAGUNDES DOS REIS        RUA CARLOS MALCHER - 98 - PARQUE EDU CHA            02232020                                                            000080
2SR. CAIXA, APOS O VENCIMENTO COBRAR 2% DE MULTA                                 NAO RECEBER APOS 30 DIAS DO VENCIMENTO.                                                                                                                                                                                                         01122100000000000000112210000000000000       0090339900006270065125122113000081
100000000000000000000009033990000627000000000000000000000000010002020022728412211600000000002            2  01227284122111122100000002542920000000001N011221000000000000000000000000000000000000000000000000000000000000000100022728497842WILLIAN DE SOUZA MELLO                  RUA JOSE CALIXTO DO CARMO - 286 AP.111 -            11702690                                                            000083
2SR. CAIXA, APOS O VENCIMENTO COBRAR 2% DE MULTA                                 NAO RECEBER APOS 30 DIAS DO VENCIMENTO.                                                                                                                                                                                                         01122100000000000000112210000000000000       0090339900006270227284122116000084
100000000000000000000009033990000627000000000000000000000000010002020016909712211000000000002            2  01169097122111122100000002247130000000001N011221000000000000000000000000000000000000000000000000000000000000000100016909746805EDIVALDO SANTANA DOS SANTOS             ESTRADA JOAO GASPAR DELGADO - 80 AP.213             08536100                                                            000086
2SR. CAIXA, APOS O VENCIMENTO COBRAR 2% DE MULTA                                 NAO RECEBER APOS 30 DIAS DO VENCIMENTO.                                                                                                                                                                                                         01122100000000000000112210000000000000       0090339900006270169097122110000087
100000000000000000000009033990000627000000000000000000000000010002020022036012211800000000002            2  01220360122109122100000003489560000000001N011221000000000000000000000000000000000000000000000000000000000000000100022036003818DERLIS TERAN QUIROGA ROGATO             RUA JOAO RIBEIRO - 320 AP.131SB - CAMPES            09070250                                                            000089
2SR. CAIXA, APOS O VENCIMENTO COBRAR 2% DE MULTA                                 NAO RECEBER APOS 30 DIAS DO VENCIMENTO.                                                                                                                                                                                                         01122100000000000000112210000000000000       0090339900006270220360122118000090
100000000000000000000009033990000627000000000000000000000000010002020017229712213200000000002            2  01172297122109122100000003367740000000001N011221000000000000000000000000000000000000000000000000000000000000000100017229751802BERENICE VIEIRA KERSTING                RUA ATIBAIA - 17 AP.417 - BAIRRO IMPERAD            11707380                                                            000092
2SR. CAIXA, APOS O VENCIMENTO COBRAR 2% DE MULTA                                 NAO RECEBER APOS 30 DIAS DO VENCIMENTO.                                                                                                                                                                                                         01122100000000000000112210000000000000       0090339900006270172297122132000093
100000000000000000000009033990000627000000000000000000000000010002020012475612211100000000002            2  01124756122111122100000002435770000000001N011221000000000000000000000000000000000000000000000000000000000000000100012475663820CELIDALVA GOES DE CARVALHO              RUA JOSE CALIXTO DO CARMO - 286 AP.91 -             11702690                                                            000095
2SR. CAIXA, APOS O VENCIMENTO COBRAR 2% DE MULTA                                 NAO RECEBER APOS 30 DIAS DO VENCIMENTO.                                                                                                                                                                                                         01122100000000000000112210000000000000       0090339900006270124756122111000096
100000000000000000000009033990000627000000000000000000000000010002020033451612211900000000002            2  01334516122111122100000002034030000000001N011221000000000000000000000000000000000000000000000000000000000000000100033451620839ARAO ELISIARIO  NUNES                   RUA JOSE CALIXTO DO CARMO - 286 AP.64 -             11702690                                                            000098
2SR. CAIXA, APOS O VENCIMENTO COBRAR 2% DE MULTA                                 NAO RECEBER APOS 30 DIAS DO VENCIMENTO.                                                                                                                                                                                                         01122100000000000000112210000000000000       0090339900006270334516122119000099
100000000000000000000009033990000627000000000000000000000000010002020045839212211600000000002            2  01458392122111122100000001578770000000001N011221000000000000000000000000000000000000000000000000000000000000000100045839263834LEONARDO ANTONIO CONCELLIERI            RUA JOSE CALIXTO DO CARMO - 286 AP.51 -             11702690                                                            000101
2SR. CAIXA, APOS O VENCIMENTO COBRAR 2% DE MULTA                                 NAO RECEBER APOS 30 DIAS DO VENCIMENTO.                                                                                                                                                                                                         01122100000000000000112210000000000000       0090339900006270458392122116000102
100000000000000000000009033990000627000000000000000000000000010002020011369112211700000000002            2  01113691122111122100000002221930000000001N011221000000000000000000000000000000000000000000000000000000000000000100011369165803ELIANA CORREA DE OLIVEIRA               RUA MAESTRO ZEFERINO SANTANA - 65 - VILA            18040010                                                            000104
2SR. CAIXA, APOS O VENCIMENTO COBRAR 2% DE MULTA                                 NAO RECEBER APOS 30 DIAS DO VENCIMENTO.                                                                                                                                                                                                         01122100000000000000112210000000000000       0090339900006270113691122117000105
100000000000000000000009033990000627000000000000000000000000010002020002253812211000000000002            2  01022538122111122100000001974860000000001N011221000000000000000000000000000000000000000000000000000000000000000100002253816809EDMILSON ALVES DA SILVA                 RUA JOSE CALIXTO DO CARMO - 286 AP.93 -             11702690                                                            000107
2SR. CAIXA, APOS O VENCIMENTO COBRAR 2% DE MULTA                                 NAO RECEBER APOS 30 DIAS DO VENCIMENTO.                                                                                                                                                                                                         01122100000000000000112210000000000000       0090339900006270022538122110000108
100000000000000000000009033990000627000000000000000000000000010002020037947012211200000000002            2  01379470122111122100000003507480000000001N011221000000000000000000000000000000000000000000000000000000000000000100037947070873BRUNO DE CAETANO MARRINHAS              AVENIDA GENERAL BARRETO DE MENEZES - 323            09791150                                                            000110
2SR. CAIXA, APOS O VENCIMENTO COBRAR 2% DE MULTA                                 NAO RECEBER APOS 30 DIAS DO VENCIMENTO.                                                                                                                                                                                                         01122100000000000000112210000000000000       0090339900006270379470122112000111
100000000000000000000009033990000627000000000000000000000000010002020037517712211000000000002            2  01375177122109122100000003701220000000001N011221000000000000000000000000000000000000000000000000000000000000000100037517785869RENATO JOSE DE LIMA MELO                RUA ARISTIDES LOBO - 148 AP.41 BLOCO 03             03041100                                                            000113
2SR. CAIXA, APOS O VENCIMENTO COBRAR 2% DE MULTA                                 NAO RECEBER APOS 30 DIAS DO VENCIMENTO.                                                                                                                                                                                                         01122100000000000000112210000000000000       0090339900006270375177122110000114
100000000000000000000009033990000627000000000000000000000000010002020070367912211100000000002            2  01703679122111122100000001854510000000001N011221000000000000000000000000000000000000000000000000000000000000000100070367949849TEODOMIRO ALVES DOS SANTOS              RUA ANDRE PAZ - 13 - JARDIM SANTO ANDRE             08390230                                                            000116
2SR. CAIXA, APOS O VENCIMENTO COBRAR 2% DE MULTA                                 NAO RECEBER APOS 30 DIAS DO VENCIMENTO.                                                                                                                                                                                                         01122100000000000000112210000000000000       0090339900006270703679122111000117
100000000000000000000009033990000627000000000000000000000000010002020004410812211000000000002            2  01044108122109122100000002750040000000001N011221000000000000000000000000000000000000000000000000000000000000000100004410802860LUIZ ALBERTO MARINHO                    RUA DA INDEPENDENCIA - 706 AP.41B - CAMB            01524000                                                            000119
2SR. CAIXA, APOS O VENCIMENTO COBRAR 2% DE MULTA                                 NAO RECEBER APOS 30 DIAS DO VENCIMENTO.                                                                                                                                                                                                         01122100000000000000112210000000000000       0090339900006270044108122110000120
100000000000000000000009033990000627000000000000000000000000010002020018035012211800000000002            2  01180350122111122100000002482080000000001N011221000000000000000000000000000000000000000000000000000000000000000100018035075861ROSANGELA BISPO SANTOS                  RUA CASSIANO GABUS MENDES - 292 - JD. CA            09896160                                                            000122
2SR. CAIXA, APOS O VENCIMENTO COBRAR 2% DE MULTA                                 NAO RECEBER APOS 30 DIAS DO VENCIMENTO.                                                                                                                                                                                                         01122100000000000000112210000000000000       0090339900006270180350122118000123
100000000000000000000009033990000627000000000000000000000000010002020004767612212400000000002            2  01047676122109122100000003671260000000001N011221000000000000000000000000000000000000000000000000000000000000000100004767679893ORLANDO GRANDE FILHO                    RUA ORLANDO MIGLIARI - 101 - JARDIM OURO            19906140                                                            000125
2SR. CAIXA, APOS O VENCIMENTO COBRAR 2% DE MULTA                                 NAO RECEBER APOS 30 DIAS DO VENCIMENTO.                                                                                                                                                                                                         01122100000000000000112210000000000000       0090339900006270047676122124000126
100000000000000000000009033990000627000000000000000000000000010002020064677812211100000000002            2  01646778122109122100000002953240000000001N011221000000000000000000000000000000000000000000000000000000000000000100064677850887ANTONIO CARLOS DE OLIVEIRA              RUA DR.ANTONIO MAZILLI FILHO - 435 - PAR            02230070                                                            000128
2SR. CAIXA, APOS O VENCIMENTO COBRAR 2% DE MULTA                                 NAO RECEBER APOS 30 DIAS DO VENCIMENTO.                                                                                                                                                                                                         01122100000000000000112210000000000000       0090339900006270646778122111000129
100000000000000000000009033990000627000000000000000000000000010002020007328912211700000000002            2  01073289122109122100000003603120000000001N011221000000000000000000000000000000000000000000000000000000000000000100007328927836BENEDITO APARECIDO ROCHA                AVENIDA SENADOR JOSE ERMINIO DE MORAES -            02357002                                                            000131
2SR. CAIXA, APOS O VENCIMENTO COBRAR 2% DE MULTA                                 NAO RECEBER APOS 30 DIAS DO VENCIMENTO.                                                                                                                                                                                                         01122100000000000000112210000000000000       0090339900006270073289122117000132
100000000000000000000009033990000627000000000000000000000000010002020028082612211600000000002            2  01280826122111122100000002058970000000001N011221000000000000000000000000000000000000000000000000000000000000000100028082615869PRISCILA PEREIRA                        ALAMEDA AFONSO BOCCHIGLIERI - 184 - INTE            04445130                                                            000134
2SR. CAIXA, APOS O VENCIMENTO COBRAR 2% DE MULTA                                 NAO RECEBER APOS 30 DIAS DO VENCIMENTO.                                                                                                                                                                                                         01122100000000000000112210000000000000       0090339900006270280826122116000135
100000000000000000000009033990000627000000000000000000000000010002020013184812211400000000002            2  01131848122111122100000002135140000000001N011221000000000000000000000000000000000000000000000000000000000000000100013184856810SYDNEY HENRIQUE GAMARANO JUNIOR         RUA JOSE CALIXTO DO CARMO - 286 AP.125 -            11702690                                                            000137
2SR. CAIXA, APOS O VENCIMENTO COBRAR 2% DE MULTA                                 NAO RECEBER APOS 30 DIAS DO VENCIMENTO.                                                                                                                                                                                                         01122100000000000000112210000000000000       0090339900006270131848122114000138
100000000000000000000009033990000627000000000000000000000000010002020058488612211400000000002            2  01584886122109122100000002693570000000001N011221000000000000000000000000000000000000000000000000000000000000000100058488618972ADAILTON ZANUTTO MORESCHI               R:RAPHAEL UNGARO - COND.RESERVA SERRA Q.            13212138                                                            000140
2SR. CAIXA, APOS O VENCIMENTO COBRAR 2% DE MULTA                                 NAO RECEBER APOS 30 DIAS DO VENCIMENTO.                                                                                                                                                                                                         01122100000000000000112210000000000000       0090339900006270584886122114000141
100000000000000000000009033990000627000000000000000000000000010002020040194812211900000000002            2  01401948122109122100000003576760000000001N011221000000000000000000000000000000000000000000000000000000000000000100040194815803JULIANA SANTOS PENSSE                   RUA SALVADOR SOARES - 85 - QUINHOES DA B            13190240                                                            000143
2SR. CAIXA, APOS O VENCIMENTO COBRAR 2% DE MULTA                                 NAO RECEBER APOS 30 DIAS DO VENCIMENTO.                                                                                                                                                                                                         01122100000000000000112210000000000000       0090339900006270401948122119000144
100000000000000000000009033990000627000000000000000000000000010002020002196012211900000000002            2  01021960122111122100000002025330000000001N011221000000000000000000000000000000000000000000000000000000000000000100002196012831VILEFORT DIAS BORGES                    RUA PORTO XAVIER - 189 AP.64 - VILA CARM            08210170                                                            000146
2SR. CAIXA, APOS O VENCIMENTO COBRAR 2% DE MULTA                                 NAO RECEBER APOS 30 DIAS DO VENCIMENTO.                                                                                                                                                                                                         01122100000000000000112210000000000000       0090339900006270021960122119000147
100000000000000000000009033990000627000000000000000000000000010002020031861512211700000000002            2  01318615122111122100000002105100000000001N011221000000000000000000000000000000000000000000000000000000000000000100031861586809VANIA TOMAZ                             RUA MANOEL DOS REIS MACHADO - 557 - JARD            13221653                                                            000149
2SR. CAIXA, APOS O VENCIMENTO COBRAR 2% DE MULTA                                 NAO RECEBER APOS 30 DIAS DO VENCIMENTO.                                                                                                                                                                                                         01122100000000000000112210000000000000       0090339900006270318615122117000150
100000000000000000000009033990000627000000000000000000000000010002020003104512211000000000002            2  01031045122109122100000007840900000000001N011221000000000000000000000000000000000000000000000000000000000000000100003104580804NELSON RODRIGUES                        RUA CARLOS JOSE BORSTENS - 50 AP.81 - AV            11702750                                                            000152
2SR. CAIXA, APOS O VENCIMENTO COBRAR 2% DE MULTA                                 NAO RECEBER APOS 30 DIAS DO VENCIMENTO.                                                                                                                                                                                                         01122100000000000000112210000000000000       0090339900006270031045122110000153
100000000000000000000009033990000627000000000000000000000000010002020007715312211900000000002            2  01077153122109122100000003312780000000001N011221000000000000000000000000000000000000000000000000000000000000000100007715360627NILTON RENNAN OLIVEIRA GOMES FILHO      RUA CARLOS JOSE BORSTENS - 50 AP.21 - AV            11702750                                                            000155
2SR. CAIXA, APOS O VENCIMENTO COBRAR 2% DE MULTA                                 NAO RECEBER APOS 30 DIAS DO VENCIMENTO.                                                                                                                                                                                                         01122100000000000000112210000000000000       0090339900006270077153122119000156
100000000000000000000009033990000627000000000000000000000000010002020029028412211P00000000002            2  01290284122109122100000001372530000000001N011221000000000000000000000000000000000000000000000000000000000000000100029028478825LEONARDO LOUZADA                        RUA CARLOS JOSE BORSTENS - 50 AP.35 - AV            11702750                                                            000158
2SR. CAIXA, APOS O VENCIMENTO COBRAR 2% DE MULTA                                 NAO RECEBER APOS 30 DIAS DO VENCIMENTO.                                                                                                                                                                                                         01122100000000000000112210000000000000       009033990000627029028412211P000159
100000000000000000000009033990000627000000000000000000000000010002020007194012211P00000000002            2  01071940122111122100000002354030000000001N011221000000000000000000000000000000000000000000000000000000000000000100007194010895RAUL AMANTINO KIRK DE SANCTIS           AVENIDA SANTA CATARINA - 756 AP.01 - VIL            04378000                                                            000161
2SR. CAIXA, APOS O VENCIMENTO COBRAR 2% DE MULTA                                 NAO RECEBER APOS 30 DIAS DO VENCIMENTO.                                                                                                                                                                                                         01122100000000000000112210000000000000       009033990000627007194012211P000162
100000000000000000000009033990000627000000000000000000000000010002020025738612211700000000002            2  01257386122109122100000004757890000000001N011221000000000000000000000000000000000000000000000000000000000000000100025738614810VILMAR JOSE PEREIRA                     ALAMEDA TIETE - 646 - CERQUEIRA CESAR -             01417020                                                            000164
2SR. CAIXA, APOS O VENCIMENTO COBRAR 2% DE MULTA                                 NAO RECEBER APOS 30 DIAS DO VENCIMENTO.                                                                                                                                                                                                         01122100000000000000112210000000000000       0090339900006270257386122117000165
100000000000000000000009033990000627000000000000000000000000010002020025738612212500000000002            2  01257386122109122100000004757880000000001N011221000000000000000000000000000000000000000000000000000000000000000100025738614810VILMAR JOSE PEREIRA                     ALAMEDA TIETE - 646 - CERQUEIRA CESAR -             01417020                                                            000167
2SR. CAIXA, APOS O VENCIMENTO COBRAR 2% DE MULTA                                 NAO RECEBER APOS 30 DIAS DO VENCIMENTO.                                                                                                                                                                                                         01122100000000000000112210000000000000       0090339900006270257386122125000168
100000000000000000000009033990000627000000000000000000000000010002020011141512211900000000002            2  01111415122111122100000002473650000000001N011221000000000000000000000000000000000000000000000000000000000000000100011141508869PAULO ROBERTO TUNES SILVA               RUA PETROBRAS - 405 CASA 07 - VILA ANTON            03474060                                                            000170
2SR. CAIXA, APOS O VENCIMENTO COBRAR 2% DE MULTA                                 NAO RECEBER APOS 30 DIAS DO VENCIMENTO.                                                                                                                                                                                                         01122100000000000000112210000000000000       0090339900006270111415122119000171
100000000000000000000009033990000627000000000000000000000000010002020012449112211400000000002            2  01124491122111122100000002492540000000001N011221000000000000000000000000000000000000000000000000000000000000000100012449104810GILBERTO DOS SANTOS JUNIOR              RUA ALMIRANTE TAMANDARE - 89 AP.143 - BA            09310350                                                            000173
2SR. CAIXA, APOS O VENCIMENTO COBRAR 2% DE MULTA                                 NAO RECEBER APOS 30 DIAS DO VENCIMENTO.                                                                                                                                                                                                         01122100000000000000112210000000000000       0090339900006270124491122114000174
9                                                                                                                                                                                                                                                                                                                                                                                                         000175