01REMESSA01COBRANCA       00000000000008017025HB SANTOS CONSTRUTORA E INCORP237BRADESCO       010321        MX0000123                                                                                                                                                                                                                                                                                     000001
100000000000000000000009033990000627000000000000000000000000010002020029028403211000000000002            2  01290284032109032100000002802820000000001N010321000000000000000000000000000000000000000000000000000000000000000100029028478825LEONARDO LOUZADA                        RUA CARLOS JOSE BORSTENS - 50 AP.35 - AV            11702750                                                            000002
2SR. CAIXA, APOS O VENCIMENTO COBRAR 2% DE MULTA                                 NAO RECEBER APOS 30 DIAS DO VENCIMENTO.                                                                                                                                                                                                         01032100000000000000103210000000000000       0090339900006270290284032110000003
100000000000000000000009033990000627000000000000000000000000010002020032878503211800000000002            2  01328785032109032100000004050650000000001N010321000000000000000000000000000000000000000000000000000000000000000100032878512847LEONARDO MOURA MONIZ CALDEIRA           RUA BALSA - 682 AP.134 T.02 - VILA ARCAD            02910000                                                            000005
2SR. CAIXA, APOS O VENCIMENTO COBRAR 2% DE MULTA                                 NAO RECEBER APOS 30 DIAS DO VENCIMENTO.                                                                                                                                                                                                         01032100000000000000103210000000000000       0090339900006270328785032118000006
100000000000000000000009033990000627000000000000000000000000010002020016479003211500000000002            2  01164790032109032100000004309160000000001N010321000000000000000000000000000000000000000000000000000000000000000100016479002806LOURDES PEREIRA DE QUEIROZ SECANECHIA   RUA PAULINO CURSI - 437 - CIDADE SAO MAT            03960060                                                            000008
2SR. CAIXA, APOS O VENCIMENTO COBRAR 2% DE MULTA                                 NAO RECEBER APOS 30 DIAS DO VENCIMENTO.                                                                                                                                                                                                         01032100000000000000103210000000000000       0090339900006270164790032115000009
100000000000000000000009033990000627000000000000000000000000010002020019635003211200000000002            2  01196350032109032100000003179400000000001N010321000000000000000000000000000000000000000000000000000000000000000100019635091885IVAN VIEIRA SILVA                       ABRAO JORGE - 3001 - JARDIM INTEGRACAO -            14405397                                                            000011
2SR. CAIXA, APOS O VENCIMENTO COBRAR 2% DE MULTA                                 NAO RECEBER APOS 30 DIAS DO VENCIMENTO.                                                                                                                                                                                                         01032100000000000000103210000000000000       0090339900006270196350032112000012
100000000000000000000009033990000627000000000000000000000000010002020009361403211200000000002            2  01093614032109032100000003128450000000001N010321000000000000000000000000000000000000000000000000000000000000000100009361471805JOSE BARBOSA DA SILVA                   RUA ALFREDO INACIO TRINDADE  - 60 AP.44             02344100                                                            000014
2SR. CAIXA, APOS O VENCIMENTO COBRAR 2% DE MULTA                                 NAO RECEBER APOS 30 DIAS DO VENCIMENTO.                                                                                                                                                                                                         01032100000000000000103210000000000000       0090339900006270093614032112000015
100000000000000000000009033990000627000000000000000000000000010002020012756903211600000000002            2  01127569032109032100000002700560000000001N010321000000000000000000000000000000000000000000000000000000000000000100012756959812ITAMAR JUVENAL DIAS DA SILVA            RUA ELISEU REINALDO MORAES VIEIRA - 90 A            02858000                                                            000017
2SR. CAIXA, APOS O VENCIMENTO COBRAR 2% DE MULTA                                 NAO RECEBER APOS 30 DIAS DO VENCIMENTO.                                                                                                                                                                                                         01032100000000000000103210000000000000       0090339900006270127569032116000018
100000000000000000000009033990000627000000000000000000000000010002020002731003211300000000002            2  01027310032109032100000003192800000000001N010321000000000000000000000000000000000000000000000000000000000000000100002731042842VALTER CERQUEIRA VILLA NOVA             RUA MACHADO - 106 - VILA AUGUSTA - GUARU            07025210                                                            000020
2SR. CAIXA, APOS O VENCIMENTO COBRAR 2% DE MULTA                                 NAO RECEBER APOS 30 DIAS DO VENCIMENTO.                                                                                                                                                                                                         01032100000000000000103210000000000000       0090339900006270027310032113000021
100000000000000000000009033990000627000000000000000000000000010002020002731003212100000000002            2  01027310032109032100000003192790000000001N010321000000000000000000000000000000000000000000000000000000000000000100002731042842VALTER CERQUEIRA VILLA NOVA             RUA MACHADO - 106 - VILA AUGUSTA - GUARU            07025210                                                            000023
2SR. CAIXA, APOS O VENCIMENTO COBRAR 2% DE MULTA                                 NAO RECEBER APOS 30 DIAS DO VENCIMENTO.                                                                                                                                                                                                         01032100000000000000103210000000000000       0090339900006270027310032121000024
100000000000000000000009033990000627000000000000000000000000010002020028802103211100000000002            2  01288021032109032100000002883000000000001N010321000000000000000000000000000000000000000000000000000000000000000100028802158894ELIEL HENRIQUE ZUZA                     RUA CARLOS JOSE BORSTENS - 50 AP.43 - BA            11702750                                                            000026
2SR. CAIXA, APOS O VENCIMENTO COBRAR 2% DE MULTA                                 NAO RECEBER APOS 30 DIAS DO VENCIMENTO.                                                                                                                                                                                                         01032100000000000000103210000000000000       0090339900006270288021032111000027
100000000000000000000009033990000627000000000000000000000000010002020005313703211100000000002            2  01053137032111032100000002330440000000001N010321000000000000000000000000000000000000000000000000000000000000000100005313717863EDIMICIO JOSE DE ARAUJO                 RUA JOSE CALIXTO DO CARMO - 286 AP.101 -            11702690                                                            000029
2SR. CAIXA, APOS O VENCIMENTO COBRAR 2% DE MULTA                                 NAO RECEBER APOS 30 DIAS DO VENCIMENTO.                                                                                                                                                                                                         01032100000000000000103210000000000000       0090339900006270053137032111000030
100000000000000000000009033990000627000000000000000000000000010002020029433603211P00000000002            2  01294336032111032100000002238780000000001N010321000000000000000000000000000000000000000000000000000000000000000100029433631897MARIO MUNIZ                             RUA JOSE CALIXTO DO CARMO - 286 AP.53 -             11702690                                                            000032
2SR. CAIXA, APOS O VENCIMENTO COBRAR 2% DE MULTA                                 NAO RECEBER APOS 30 DIAS DO VENCIMENTO.                                                                                                                                                                                                         01032100000000000000103210000000000000       009033990000627029433603211P000033
100000000000000000000009033990000627000000000000000000000000010002020005029803211200000000002            2  01050298032109032100000002753360000000001N010321000000000000000000000000000000000000000000000000000000000000000100005029828885LAURINETE DA CONCEICAO DE NORONHA       RUA MARIA LUCIA DE TOLEDO LEITE MORAES -            04434040                                                            000035
2SR. CAIXA, APOS O VENCIMENTO COBRAR 2% DE MULTA                                 NAO RECEBER APOS 30 DIAS DO VENCIMENTO.                                                                                                                                                                                                         01032100000000000000103210000000000000       0090339900006270050298032112000036
100000000000000000000009033990000627000000000000000000000000010002020013388903211400000000002            2  01133889032111032100000002182450000000001N010321000000000000000000000000000000000000000000000000000000000000000100013388936889NEUTON DE SOUZA RAMOS                   RUA MARIA CRISTINA - 932 - JARDIM CASQUE            11533160                                                            000038
2SR. CAIXA, APOS O VENCIMENTO COBRAR 2% DE MULTA                                 NAO RECEBER APOS 30 DIAS DO VENCIMENTO.                                                                                                                                                                                                         01032100000000000000103210000000000000       0090339900006270133889032114000039
100000000000000000000009033990000627000000000000000000000000010002020012774903211400000000002            2  01127749032111032100000002223430000000001N010321000000000000000000000000000000000000000000000000000000000000000100012774906865JOSE MILTON SANTIAGO                    RUA BATATAIS - 47 - CIDADE ESTELA - POA             08563140                                                            000041
2SR. CAIXA, APOS O VENCIMENTO COBRAR 2% DE MULTA                                 NAO RECEBER APOS 30 DIAS DO VENCIMENTO.                                                                                                                                                                                                         01032100000000000000103210000000000000       0090339900006270127749032114000042
100000000000000000000009033990000627000000000000000000000000010002020016294103211P00000000002            2  01162941032109032100000002733620000000001N010321000000000000000000000000000000000000000000000000000000000000000100016294119812JURACY FELIX DE ARRUDA                  RUA CARLOS JOSE BORSTENS - 50 AP.23 - AV            11702750                                                            000044
2SR. CAIXA, APOS O VENCIMENTO COBRAR 2% DE MULTA                                 NAO RECEBER APOS 30 DIAS DO VENCIMENTO.                                                                                                                                                                                                         01032100000000000000103210000000000000       009033990000627016294103211P000045
100000000000000000000009033990000627000000000000000000000000010002020005613803211400000000002            2  01056138032111032100000002044940000000001N010321000000000000000000000000000000000000000000000000000000000000000100005613843805NILZA MARIA DE OLIVEIRA                 RUA JOSE GONCALVES DE FREITAS - 66 C2 -             08210550                                                            000047
2SR. CAIXA, APOS O VENCIMENTO COBRAR 2% DE MULTA                                 NAO RECEBER APOS 30 DIAS DO VENCIMENTO.                                                                                                                                                                                                         01032100000000000000103210000000000000       0090339900006270056138032114000048
100000000000000000000009033990000627000000000000000000000000010002020007574903211400000000002            2  01075749032111032100000002099080000000001N010321000000000000000000000000000000000000000000000000000000000000000100007574936889JORGE LUCIANO PEREIRA BORRIELLO         RUA JOSE CALIXTO DO CARMO - 286 AP.54 -             11702690                                                            000050
2SR. CAIXA, APOS O VENCIMENTO COBRAR 2% DE MULTA                                 NAO RECEBER APOS 30 DIAS DO VENCIMENTO.                                                                                                                                                                                                         01032100000000000000103210000000000000       0090339900006270075749032114000051
100000000000000000000009033990000627000000000000000000000000010002020008214903211700000000002            2  01082149032111032100000002130920000000001N010321000000000000000000000000000000000000000000000000000000000000000100008214973830JAMIL CHALA                             RUA JOSE CALIXTO DO CARMO - 286 AP.22 -             11702690                                                            000053
2SR. CAIXA, APOS O VENCIMENTO COBRAR 2% DE MULTA                                 NAO RECEBER APOS 30 DIAS DO VENCIMENTO.                                                                                                                                                                                                         01032100000000000000103210000000000000       0090339900006270082149032117000054
100000000000000000000009033990000627000000000000000000000000010002020032495003211400000000002            2  01324950032111032100000002387970000000001N010321000000000000000000000000000000000000000000000000000000000000000100032495004881PAULO EDUARDO DOS SANTOS                RUA REPUBLICA DO IRAQUE - 1119 - CAMPO B            04611002                                                            000056
2SR. CAIXA, APOS O VENCIMENTO COBRAR 2% DE MULTA                                 NAO RECEBER APOS 30 DIAS DO VENCIMENTO.                                                                                                                                                                                                         01032100000000000000103210000000000000       0090339900006270324950032114000057
100000000000000000000009033990000627000000000000000000000000010002020016498003211100000000002            2  01164980032111032100000002094320000000001N010321000000000000000000000000000000000000000000000000000000000000000100016498053810GILMA CEZARIO GARCIA CORRITORI          RUA LAURENTINO XAVIER DOS SANTOS - 336 -            08240740                                                            000059
2SR. CAIXA, APOS O VENCIMENTO COBRAR 2% DE MULTA                                 NAO RECEBER APOS 30 DIAS DO VENCIMENTO.                                                                                                                                                                                                         01032100000000000000103210000000000000       0090339900006270164980032111000060
100000000000000000000009033990000627000000000000000000000000010002020029339003211000000000002            2  01293390032111032100000002239500000000001N010321000000000000000000000000000000000000000000000000000000000000000100029339051831RONALD DIDOFF                           RUA CORONEL FERREIRA BRAGA - 188 - VILA             03522010                                                            000062
2SR. CAIXA, APOS O VENCIMENTO COBRAR 2% DE MULTA                                 NAO RECEBER APOS 30 DIAS DO VENCIMENTO.                                                                                                                                                                                                         01032100000000000000103210000000000000       0090339900006270293390032110000063
100000000000000000000009033990000627000000000000000000000000010002020017357803211200000000002            2  01173578032111032100000002371840000000001N010321000000000000000000000000000000000000000000000000000000000000000100017357859894MARCIO GUIMARAES                        RUA GENERAL CAMARA - 188 SALA 11 - CENTR            11010120                                                            000065
2SR. CAIXA, APOS O VENCIMENTO COBRAR 2% DE MULTA                                 NAO RECEBER APOS 30 DIAS DO VENCIMENTO.                                                                                                                                                                                                         01032100000000000000103210000000000000       0090339900006270173578032112000066
100000000000000000000009033990000627000000000000000000000000010002020010563003211200000000002            2  01105630032111032100000002432450000000001N010321000000000000000000000000000000000000000000000000000000000000000100010563033878VERA LUCIA RIBEIRO LONGANEZI            RUA DOS CAMARES - 150 AP.24 BL.02 - CARA            02068030                                                            000068
2SR. CAIXA, APOS O VENCIMENTO COBRAR 2% DE MULTA                                 NAO RECEBER APOS 30 DIAS DO VENCIMENTO.                                                                                                                                                                                                         01032100000000000000103210000000000000       0090339900006270105630032112000069
100000000000000000000009033990000627000000000000000000000000010002020005529603211700000000002            2  01055296032111032100000002207370000000001N010321000000000000000000000000000000000000000000000000000000000000000100005529616801JOAQUIM JORGE DA COSTA                  RUA JOSE CALIXTO DO CARMO - 286 AP.106 -            11702690                                                            000071
2SR. CAIXA, APOS O VENCIMENTO COBRAR 2% DE MULTA                                 NAO RECEBER APOS 30 DIAS DO VENCIMENTO.                                                                                                                                                                                                         01032100000000000000103210000000000000       0090339900006270055296032117000072
100000000000000000000009033990000627000000000000000000000000010002020022014103211100000000002            2  01220141032111032100000002200930000000001N010321000000000000000000000000000000000000000000000000000000000000000100022014140847CAMILA SILVEIRA CANIZARES               AVENIDA PRESIDENTE CASTELO BRANCO - 5.74            11703650                                                            000074
2SR. CAIXA, APOS O VENCIMENTO COBRAR 2% DE MULTA                                 NAO RECEBER APOS 30 DIAS DO VENCIMENTO.                                                                                                                                                                                                         01032100000000000000103210000000000000       0090339900006270220141032111000075
100000000000000000000009033990000627000000000000000000000000010002020015550703211300000000002            2  01155507032109032100000002087050000000001N010321000000000000000000000000000000000000000000000000000000000000000100015550706806MARY MIWA                               RUA CARLOS JOSE BORSTENS - 50 AP.105 - A            11702750                                                            000077
2SR. CAIXA, APOS O VENCIMENTO COBRAR 2% DE MULTA                                 NAO RECEBER APOS 30 DIAS DO VENCIMENTO.                                                                                                                                                                                                         01032100000000000000103210000000000000       0090339900006270155507032113000078
100000000000000000000009033990000627000000000000000000000000010002020015464603211300000000002            2  01154646032111032100000002320480000000001N010321000000000000000000000000000000000000000000000000000000000000000100015464647864SONIA TERESA VOLPATO                    RUA JOSE CALIXTO DO CARMO - 286 AP.73 -             11702690                                                            000080
2SR. CAIXA, APOS O VENCIMENTO COBRAR 2% DE MULTA                                 NAO RECEBER APOS 30 DIAS DO VENCIMENTO.                                                                                                                                                                                                         01032100000000000000103210000000000000       0090339900006270154646032113000081
100000000000000000000009033990000627000000000000000000000000010002020008657803211200000000002            2  01086578032111032100000002297180000000001N010321000000000000000000000000000000000000000000000000000000000000000100008657886855ARLINDO DA CRUZ                         AVENIDA ARICANDUVA - 8.256 AP.54 BL.10 -            03951220                                                            000083
2SR. CAIXA, APOS O VENCIMENTO COBRAR 2% DE MULTA                                 NAO RECEBER APOS 30 DIAS DO VENCIMENTO.                                                                                                                                                                                                         01032100000000000000103210000000000000       0090339900006270086578032112000084
100000000000000000000009033990000627000000000000000000000000010002020004265703211200000000002            2  01042657032109032100000003075190000000001N010321000000000000000000000000000000000000000000000000000000000000000100004265781713ALEXANDRE CASADO COSTA                  RUA CARLOS JOSE BORSTENS - 50 AP.33 - AV            11702750                                                            000086
2SR. CAIXA, APOS O VENCIMENTO COBRAR 2% DE MULTA                                 NAO RECEBER APOS 30 DIAS DO VENCIMENTO.                                                                                                                                                                                                         01032100000000000000103210000000000000       0090339900006270042657032112000087
100000000000000000000009033990000627000000000000000000000000010002020059735103211000000000002            2  01597351032109032100000001298900000000001N010321000000000000000000000000000000000000000000000000000000000000000100059735180863HELIO JOSE MARQUES                      RUA MARTIM AFONSO DE SOUZA - 1007 AP.102            11702790                                                            000089
2SR. CAIXA, APOS O VENCIMENTO COBRAR 2% DE MULTA                                 NAO RECEBER APOS 30 DIAS DO VENCIMENTO.                                                                                                                                                                                                         01032100000000000000103210000000000000       0090339900006270597351032110000090
100000000000000000000009033990000627000000000000000000000000010002020026347803211400000000002            2  01263478032111032100000002455620000000001N010321000000000000000000000000000000000000000000000000000000000000000100026347872862VALDECI SILVA MEIRELES                  RUA JOSE BATISTA DA SILVA - 292 - JARDIM            06851470                                                            000092
2SR. CAIXA, APOS O VENCIMENTO COBRAR 2% DE MULTA                                 NAO RECEBER APOS 30 DIAS DO VENCIMENTO.                                                                                                                                                                                                         01032100000000000000103210000000000000       0090339900006270263478032114000093
100000000000000000000009033990000627000000000000000000000000010002020025443603211500000000002            2  01254436032109032100000004448460000000001N010321000000000000000000000000000000000000000000000000000000000000000100025443691830SILVANETE PEREIRA CARNELOS              RUA CARLOS JOSE BORSTENS - 50 AP.102 - A            11702750                                                            000095
2SR. CAIXA, APOS O VENCIMENTO COBRAR 2% DE MULTA                                 NAO RECEBER APOS 30 DIAS DO VENCIMENTO.                                                                                                                                                                                                         01032100000000000000103210000000000000       0090339900006270254436032115000096
100000000000000000000009033990000627000000000000000000000000010002020013135203211500000000002            2  01131352032111032100000002256110000000001N010321000000000000000000000000000000000000000000000000000000000000000100013135261859EDUARDO ZANOLA                          RUA ROLANDO PIETRO BONINI - 46 - JARDIM             09781040                                                            000098
2SR. CAIXA, APOS O VENCIMENTO COBRAR 2% DE MULTA                                 NAO RECEBER APOS 30 DIAS DO VENCIMENTO.                                                                                                                                                                                                         01032100000000000000103210000000000000       0090339900006270131352032115000099
100000000000000000000009033990000627000000000000000000000000010002020009797603211600000000002            2  01097976032111032100000002197210000000001N010321000000000000000000000000000000000000000000000000000000000000000100009797626857RICARDO SOBRAL DE OLIVEIRA              RUA 23 DE MAIO - 139 AP.32 - VILA MIRIM             11704690                                                            000101
2SR. CAIXA, APOS O VENCIMENTO COBRAR 2% DE MULTA                                 NAO RECEBER APOS 30 DIAS DO VENCIMENTO.                                                                                                                                                                                                         01032100000000000000103210000000000000       0090339900006270097976032116000102
100000000000000000000009033990000627000000000000000000000000010002020004767603211700000000002            2  01047676032109032100000003757190000000001N010321000000000000000000000000000000000000000000000000000000000000000100004767679893ORLANDO GRANDE FILHO                    RUA ORLANDO MIGLIARI - 101 - JARDIM OURO            19906140                                                            000104
2SR. CAIXA, APOS O VENCIMENTO COBRAR 2% DE MULTA                                 NAO RECEBER APOS 30 DIAS DO VENCIMENTO.                                                                                                                                                                                                         01032100000000000000103210000000000000       0090339900006270047676032117000105
100000000000000000000009033990000627000000000000000000000000010002020006512503211400000000002            2  01065125032111032100000001976490000000001N010321000000000000000000000000000000000000000000000000000000000000000100006512547870MARIA DO CARMO FAGUNDES DOS REIS        RUA CARLOS MALCHER - 98 - PARQUE EDU CHA            02232020                                                            000107
2SR. CAIXA, APOS O VENCIMENTO COBRAR 2% DE MULTA                                 NAO RECEBER APOS 30 DIAS DO VENCIMENTO.                                                                                                                                                                                                         01032100000000000000103210000000000000       0090339900006270065125032114000108
100000000000000000000009033990000627000000000000000000000000010002020022728403211700000000002            2  01227284032111032100000002377530000000001N010321000000000000000000000000000000000000000000000000000000000000000100022728497842WILLIAN DE SOUZA MELLO                  RUA JOSE CALIXTO DO CARMO - 286 AP.111 -            11702690                                                            000110
2SR. CAIXA, APOS O VENCIMENTO COBRAR 2% DE MULTA                                 NAO RECEBER APOS 30 DIAS DO VENCIMENTO.                                                                                                                                                                                                         01032100000000000000103210000000000000       0090339900006270227284032117000111
100000000000000000000009033990000627000000000000000000000000010002020016909703211100000000002            2  01169097032111032100000002100980000000001N010321000000000000000000000000000000000000000000000000000000000000000100016909746805EDIVALDO SANTANA DOS SANTOS             ESTRADA JOAO GASPAR DELGADO - 80 AP.213             08536100                                                            000113
2SR. CAIXA, APOS O VENCIMENTO COBRAR 2% DE MULTA                                 NAO RECEBER APOS 30 DIAS DO VENCIMENTO.                                                                                                                                                                                                         01032100000000000000103210000000000000       0090339900006270169097032111000114
100000000000000000000009033990000627000000000000000000000000010002020022036003211900000000002            2  01220360032109032100000003262620000000001N010321000000000000000000000000000000000000000000000000000000000000000100022036003818DERLIS TERAN QUIROGA ROGATO             RUA JOAO RIBEIRO - 709 AP.61 - CAMPESTRE            09070250                                                            000116
2SR. CAIXA, APOS O VENCIMENTO COBRAR 2% DE MULTA                                 NAO RECEBER APOS 30 DIAS DO VENCIMENTO.                                                                                                                                                                                                         01032100000000000000103210000000000000       0090339900006270220360032119000117
100000000000000000000009033990000627000000000000000000000000010002020017229703213300000000002            2  01172297032109032100000003148720000000001N010321000000000000000000000000000000000000000000000000000000000000000100017229751802BERENICE VIEIRA KERSTING                RUA ATIBAIA - 17 AP.417 - BAIRRO IMPERAD            11707380                                                            000119
2SR. CAIXA, APOS O VENCIMENTO COBRAR 2% DE MULTA                                 NAO RECEBER APOS 30 DIAS DO VENCIMENTO.                                                                                                                                                                                                         01032100000000000000103210000000000000       0090339900006270172297032133000120
100000000000000000000009033990000627000000000000000000000000010002020012475603211200000000002            2  01124756032111032100000002277350000000001N010321000000000000000000000000000000000000000000000000000000000000000100012475663820CELIDALVA GOES DE CARVALHO              RUA JOSE CALIXTO DO CARMO - 286 AP.91 -             11702690                                                            000122
2SR. CAIXA, APOS O VENCIMENTO COBRAR 2% DE MULTA                                 NAO RECEBER APOS 30 DIAS DO VENCIMENTO.                                                                                                                                                                                                         01032100000000000000103210000000000000       0090339900006270124756032112000123
100000000000000000000009033990000627000000000000000000000000010002020033451603211P00000000002            2  01334516032111032100000001901730000000001N010321000000000000000000000000000000000000000000000000000000000000000100033451620839ARAO ELISIARIO  NUNES                   RUA JOSE CALIXTO DO CARMO - 286 AP.64 -             11702690                                                            000125
2SR. CAIXA, APOS O VENCIMENTO COBRAR 2% DE MULTA                                 NAO RECEBER APOS 30 DIAS DO VENCIMENTO.                                                                                                                                                                                                         01032100000000000000103210000000000000       009033990000627033451603211P000126
100000000000000000000009033990000627000000000000000000000000010002020095758203211P00000000002            2  01957582032111032100000002312760000000001N010321000000000000000000000000000000000000000000000000000000000000000100095758275891SHIRLEY TUNES ASTOLFI                   RUA GUAPERUVU - 656 AP.84 - VILA ARICAND            03504010                                                            000128
2SR. CAIXA, APOS O VENCIMENTO COBRAR 2% DE MULTA                                 NAO RECEBER APOS 30 DIAS DO VENCIMENTO.                                                                                                                                                                                                         01032100000000000000103210000000000000       009033990000627095758203211P000129
100000000000000000000009033990000627000000000000000000000000010002020045839203211700000000002            2  01458392032111032100000001476090000000001N010321000000000000000000000000000000000000000000000000000000000000000100045839263834LEONARDO ANTONIO CONCELLIERI            RUA JOSE CALIXTO DO CARMO - 286 AP.51 -             11702690                                                            000131
2SR. CAIXA, APOS O VENCIMENTO COBRAR 2% DE MULTA                                 NAO RECEBER APOS 30 DIAS DO VENCIMENTO.                                                                                                                                                                                                         01032100000000000000103210000000000000       0090339900006270458392032117000132
100000000000000000000009033990000627000000000000000000000000010002020011369103211800000000002            2  01113691032111032100000002077420000000001N010321000000000000000000000000000000000000000000000000000000000000000100011369165803ELIANA CORREA DE OLIVEIRA               RUA MAESTRO ZEFERINO SANTANA - 65 - VILA            18040010                                                            000134
2SR. CAIXA, APOS O VENCIMENTO COBRAR 2% DE MULTA                                 NAO RECEBER APOS 30 DIAS DO VENCIMENTO.                                                                                                                                                                                                         01032100000000000000103210000000000000       0090339900006270113691032118000135
100000000000000000000009033990000627000000000000000000000000010002020002253803211100000000002            2  01022538032111032100000001846420000000001N010321000000000000000000000000000000000000000000000000000000000000000100002253816809EDMILSON ALVES DA SILVA                 RUA JOSE CALIXTO DO CARMO - 286 AP.93 -             11702690                                                            000137
2SR. CAIXA, APOS O VENCIMENTO COBRAR 2% DE MULTA                                 NAO RECEBER APOS 30 DIAS DO VENCIMENTO.                                                                                                                                                                                                         01032100000000000000103210000000000000       0090339900006270022538032111000138
100000000000000000000009033990000627000000000000000000000000010002020037947003211300000000002            2  01379470032111032100000003279360000000001N010321000000000000000000000000000000000000000000000000000000000000000100037947070873BRUNO DE CAETANO MARRINHAS              RUA JOAO PELLOZO - 186 - JARDIM MILENA -            09182200                                                            000140
2SR. CAIXA, APOS O VENCIMENTO COBRAR 2% DE MULTA                                 NAO RECEBER APOS 30 DIAS DO VENCIMENTO.                                                                                                                                                                                                         01032100000000000000103210000000000000       0090339900006270379470032113000141
100000000000000000000009033990000627000000000000000000000000010002020037517703211100000000002            2  01375177032109032100000003460520000000001N010321000000000000000000000000000000000000000000000000000000000000000100037517785869RENATO JOSE DE LIMA MELO                RUA ARISTIDES LOBO - 148 AP.41 BLOCO 03             03041100                                                            000143
2SR. CAIXA, APOS O VENCIMENTO COBRAR 2% DE MULTA                                 NAO RECEBER APOS 30 DIAS DO VENCIMENTO.                                                                                                                                                                                                         01032100000000000000103210000000000000       0090339900006270375177032111000144
100000000000000000000009033990000627000000000000000000000000010002020070367903211200000000002            2  01703679032111032100000001733900000000001N010321000000000000000000000000000000000000000000000000000000000000000100070367949849TEODOMIRO ALVES DOS SANTOS              RUA ANDRE PAZ - 13 - JARDIM SANTO ANDRE             08390230                                                            000146
2SR. CAIXA, APOS O VENCIMENTO COBRAR 2% DE MULTA                                 NAO RECEBER APOS 30 DIAS DO VENCIMENTO.                                                                                                                                                                                                         01032100000000000000103210000000000000       0090339900006270703679032112000147
100000000000000000000009033990000627000000000000000000000000010002020004410803211100000000002            2  01044108032109032100000002571190000000001N010321000000000000000000000000000000000000000000000000000000000000000100004410802860LUIZ ALBERTO MARINHO                    RUA DA INDEPENDENCIA - 706 AP.41B - CAMB            01524000                                                            000149
2SR. CAIXA, APOS O VENCIMENTO COBRAR 2% DE MULTA                                 NAO RECEBER APOS 30 DIAS DO VENCIMENTO.                                                                                                                                                                                                         01032100000000000000103210000000000000       0090339900006270044108032111000150
100000000000000000000009033990000627000000000000000000000000010002020018035003211900000000002            2  01180350032111032100000002320650000000001N010321000000000000000000000000000000000000000000000000000000000000000100018035075861ROSANGELA BISPO SANTOS                  RUA CASSIANO GABUS MENDES - 292 - JD. CA            09896160                                                            000152
2SR. CAIXA, APOS O VENCIMENTO COBRAR 2% DE MULTA                                 NAO RECEBER APOS 30 DIAS DO VENCIMENTO.                                                                                                                                                                                                         01032100000000000000103210000000000000       0090339900006270180350032119000153
100000000000000000000009033990000627000000000000000000000000010002020004767603212500000000002            2  01047676032109032100000073758730000000001N010321000000000000000000000000000000000000000000000000000000000000000100004767679893ORLANDO GRANDE FILHO                    RUA ORLANDO MIGLIARI - 101 - JARDIM OURO            19906140                                                            000155
2SR. CAIXA, APOS O VENCIMENTO COBRAR 2% DE MULTA                                 NAO RECEBER APOS 30 DIAS DO VENCIMENTO.                                                                                                                                                                                                         01032100000000000000103210000000000000       0090339900006270047676032125000156
100000000000000000000009033990000627000000000000000000000000010002020004767603213300000000002            2  01047676032109032100000003432500000000001N010321000000000000000000000000000000000000000000000000000000000000000100004767679893ORLANDO GRANDE FILHO                    RUA ORLANDO MIGLIARI - 101 - JARDIM OURO            19906140                                                            000158
2SR. CAIXA, APOS O VENCIMENTO COBRAR 2% DE MULTA                                 NAO RECEBER APOS 30 DIAS DO VENCIMENTO.                                                                                                                                                                                                         01032100000000000000103210000000000000       0090339900006270047676032133000159
100000000000000000000009033990000627000000000000000000000000010002020064677803211200000000002            2  01646778032109032100000002761170000000001N010321000000000000000000000000000000000000000000000000000000000000000100064677850887ANTONIO CARLOS DE OLIVEIRA              RUA DR.ANTONIO MAZILLI FILHO - 435 - PAR            02230070                                                            000161
2SR. CAIXA, APOS O VENCIMENTO COBRAR 2% DE MULTA                                 NAO RECEBER APOS 30 DIAS DO VENCIMENTO.                                                                                                                                                                                                         01032100000000000000103210000000000000       0090339900006270646778032112000162
100000000000000000000009033990000627000000000000000000000000010002020007328903211800000000002            2  01073289032109032100000003368780000000001N010321000000000000000000000000000000000000000000000000000000000000000100007328927836BENEDITO APARECIDO ROCHA                AVENIDA SENADOR JOSE ERMINIO DE MORAES -            02357002                                                            000164
2SR. CAIXA, APOS O VENCIMENTO COBRAR 2% DE MULTA                                 NAO RECEBER APOS 30 DIAS DO VENCIMENTO.                                                                                                                                                                                                         01032100000000000000103210000000000000       0090339900006270073289032118000165
100000000000000000000009033990000627000000000000000000000000010002020028082603211700000000002            2  01280826032111032100000001925040000000001N010321000000000000000000000000000000000000000000000000000000000000000100028082615869PRISCILA PEREIRA                        ALAMEDA AFONSO BOCCHIGLIERI - 184 - INTE            04445130                                                            000167
2SR. CAIXA, APOS O VENCIMENTO COBRAR 2% DE MULTA                                 NAO RECEBER APOS 30 DIAS DO VENCIMENTO.                                                                                                                                                                                                         01032100000000000000103210000000000000       0090339900006270280826032117000168
100000000000000000000009033990000627000000000000000000000000010002020013184803211500000000002            2  01131848032111032100000001996280000000001N010321000000000000000000000000000000000000000000000000000000000000000100013184856810SYDNEY HENRIQUE GAMARANO JUNIOR         RUA JOSE CALIXTO DO CARMO - 286 AP.125 -            11702690                                                            000170
2SR. CAIXA, APOS O VENCIMENTO COBRAR 2% DE MULTA                                 NAO RECEBER APOS 30 DIAS DO VENCIMENTO.                                                                                                                                                                                                         01032100000000000000103210000000000000       0090339900006270131848032115000171
100000000000000000000009033990000627000000000000000000000000010002020058488603211500000000002            2  01584886032109032100000002518390000000001N010321000000000000000000000000000000000000000000000000000000000000000100058488618972ADAILTON ZANUTTO MORESCHI               R:RAPHAEL UNGARO - COND.RESERVA SERRA Q.            13212138                                                            000173
2SR. CAIXA, APOS O VENCIMENTO COBRAR 2% DE MULTA                                 NAO RECEBER APOS 30 DIAS DO VENCIMENTO.                                                                                                                                                                                                         01032100000000000000103210000000000000       0090339900006270584886032115000174
100000000000000000000009033990000627000000000000000000000000010002020040194803211P00000000002            2  01401948032109032100000003344130000000001N010321000000000000000000000000000000000000000000000000000000000000000100040194815803JULIANA SANTOS PENSSE                   RUA SALVADOR SOARES - 85 - QUINHOES DA B            13190240                                                            000176
2SR. CAIXA, APOS O VENCIMENTO COBRAR 2% DE MULTA                                 NAO RECEBER APOS 30 DIAS DO VENCIMENTO.                                                                                                                                                                                                         01032100000000000000103210000000000000       009033990000627040194803211P000177
100000000000000000000009033990000627000000000000000000000000010002020011381903211600000000002            2  01113819032109032100000002668590000000001N010321000000000000000000000000000000000000000000000000000000000000000100011381987818MARIO DONIZETE MIGUEL DA SILVA          RUA JASPE - 215 - NOVA HIGIANOPOLIS - JA            06642270                                                            000179
2SR. CAIXA, APOS O VENCIMENTO COBRAR 2% DE MULTA                                 NAO RECEBER APOS 30 DIAS DO VENCIMENTO.                                                                                                                                                                                                         01032100000000000000103210000000000000       0090339900006270113819032116000180
100000000000000000000009033990000627000000000000000000000000010002020002196003211P00000000002            2  01021960032111032100000001893620000000001N010321000000000000000000000000000000000000000000000000000000000000000100002196012831VILEFORT DIAS BORGES                    RUA PORTO XAVIER - 189 AP.64 - VILA CARM            08210170                                                            000182
2SR. CAIXA, APOS O VENCIMENTO COBRAR 2% DE MULTA                                 NAO RECEBER APOS 30 DIAS DO VENCIMENTO.                                                                                                                                                                                                         01032100000000000000103210000000000000       009033990000627002196003211P000183
100000000000000000000009033990000627000000000000000000000000010002020031861503211800000000002            2  01318615032111032100000001968200000000001N010321000000000000000000000000000000000000000000000000000000000000000100031861586809VANIA TOMAZ                             RUA MANOEL DOS REIS MACHADO - 557 - JARD            13221653                                                            000185
2SR. CAIXA, APOS O VENCIMENTO COBRAR 2% DE MULTA                                 NAO RECEBER APOS 30 DIAS DO VENCIMENTO.                                                                                                                                                                                                         01032100000000000000103210000000000000       0090339900006270318615032118000186
100000000000000000000009033990000627000000000000000000000000010002020003104503211100000000002            2  01031045032109032100000007330960000000001N010321000000000000000000000000000000000000000000000000000000000000000100003104580804NELSON RODRIGUES                        RUA AGUA SANTA - 114 - AGUA RASA - SAO P            03179110                                                            000188
2SR. CAIXA, APOS O VENCIMENTO COBRAR 2% DE MULTA                                 NAO RECEBER APOS 30 DIAS DO VENCIMENTO.                                                                                                                                                                                                         01032100000000000000103210000000000000       0090339900006270031045032111000189
100000000000000000000009033990000627000000000000000000000000010002020007715303211P00000000002            2  01077153032109032100000003097330000000001N010321000000000000000000000000000000000000000000000000000000000000000100007715360627NILTON RENNAN OLIVEIRA GOMES FILHO      RUA DR. ANTONIO BENTO - 230 AP.53 - VILA            11075260                                                            000191
2SR. CAIXA, APOS O VENCIMENTO COBRAR 2% DE MULTA                                 NAO RECEBER APOS 30 DIAS DO VENCIMENTO.                                                                                                                                                                                                         01032100000000000000103210000000000000       009033990000627007715303211P000192
9                                                                                                                                                                                                                                                                                                                                                                                                         000193