01REMESSA01COBRANCA       00000000000008017025HB SANTOS CONSTRUTORA E INCORP237BRADESCO       120619        MX0000081                                                                                                                                                                                                                                                                                     000001
100000000000000000000009033990000627000000000000000000000000010002020025035106191900000000002            2  01250351061924061900000002060250000000001N110619000000000000000000000000000000000000000000000000000000000000000100025035170802WANDERSON LUIS DE CARVALHO              RUA JOAQUIM GONCALVES ROCHA - 302 - JARD            02859030                                                            000002
2SR. CAIXA, APOS O VENCIMENTO COBRAR 2% DE MULTA                                 NAO RECEBER APOS 30 DIAS DO VENCIMENTO.                                                                                                                                                                                                         12061900000000000001206190000000000000       0090339900006270250351061919000003
100000000000000000000009033990000627000000000000000000000000010002020007294306191600000000002            2  01072943061924061900000002771070000000001N110619000000000000000000000000000000000000000000000000000000000000000100007294351805CLAUDENIR APARECIDO VACARI              RUA CARLOS JOSE BORSTENS - 50 AP.93 - AV            11702750                                                            000005
2SR. CAIXA, APOS O VENCIMENTO COBRAR 2% DE MULTA                                 NAO RECEBER APOS 30 DIAS DO VENCIMENTO.                                                                                                                                                                                                         12061900000000000001206190000000000000       0090339900006270072943061916000006
100000000000000000000009033990000627000000000000000000000000010002020042976106191600000000002            2  01429761061924061900000002800150000000001N110619000000000000000000000000000000000000000000000000000000000000000100042976111634ACACIO TOSCANO BONDANCA                 RUA COMENDADOR JACOMO ANTONIO LA SELVA -            12946797                                                            000008
2SR. CAIXA, APOS O VENCIMENTO COBRAR 2% DE MULTA                                 NAO RECEBER APOS 30 DIAS DO VENCIMENTO.                                                                                                                                                                                                         12061900000000000001206190000000000000       0090339900006270429761061916000009
100000000000000000000009033990000627000000000000000000000000010002020035438006191P00000000002            2  01354380061924061900000002364860000000001N110619000000000000000000000000000000000000000000000000000000000000000100035438022836ALESSANDRO FARACO DOS SANTOS            RUA PEDRO POMAR  - 145 - JARDIM ELISA MA            02875020                                                            000011
2SR. CAIXA, APOS O VENCIMENTO COBRAR 2% DE MULTA                                 NAO RECEBER APOS 30 DIAS DO VENCIMENTO.                                                                                                                                                                                                         12061900000000000001206190000000000000       009033990000627035438006191P000012
100000000000000000000009033990000627000000000000000000000000010002020007525006191100000000002            2  01075250061924061900000003099550000000001N110619000000000000000000000000000000000000000000000000000000000000000100007525032866FERNANDO RIBEIRO                        RUA ALDO COLI - 539 - VILA MIRIM - PRAIA            11704760                                                            000014
2SR. CAIXA, APOS O VENCIMENTO COBRAR 2% DE MULTA                                 NAO RECEBER APOS 30 DIAS DO VENCIMENTO.                                                                                                                                                                                                         12061900000000000001206190000000000000       0090339900006270075250061911000015
100000000000000000000009033990000627000000000000000000000000010002020005071406191700000000002            2  01050714061924061900000002718900000000001N110619000000000000000000000000000000000000000000000000000000000000000100005071481855ERIBALDO SANTANA CARVALHO               RUA HONDURAS - 477 - PARQUE DAS AMERICAS            09351070                                                            000017
2SR. CAIXA, APOS O VENCIMENTO COBRAR 2% DE MULTA                                 NAO RECEBER APOS 30 DIAS DO VENCIMENTO.                                                                                                                                                                                                         12061900000000000001206190000000000000       0090339900006270050714061917000018
100000000000000000000009033990000627000000000000000000000000010002020002841706191000000000002            2  01028417061924061900000002543790000000001N110619000000000000000000000000000000000000000000000000000000000000000100002841756416LUCIANA PINHEIRO DE ASSIS NUNES         RUA RIO ACIMA - 81 - RIACHO GRANDE - SAO            09830100                                                            000020
2SR. CAIXA, APOS O VENCIMENTO COBRAR 2% DE MULTA                                 NAO RECEBER APOS 30 DIAS DO VENCIMENTO.                                                                                                                                                                                                         12061900000000000001206190000000000000       0090339900006270028417061910000021
100000000000000000000009033990000627000000000000000000000000010002020084302006191P00000000002            2  01843020061924061900000002555990000000001N110619000000000000000000000000000000000000000000000000000000000000000100084302097868FAUSTO TADEU VILOR                      RUA ANTONIO TAVARES - 466 - BAIRRO CAMBU            01542010                                                            000023
2SR. CAIXA, APOS O VENCIMENTO COBRAR 2% DE MULTA                                 NAO RECEBER APOS 30 DIAS DO VENCIMENTO.                                                                                                                                                                                                         12061900000000000001206190000000000000       009033990000627084302006191P000024
100000000000000000000009033990000627000000000000000000000000010002020028804206191P00000000002            2  01288042061924061900000002511270000000001N110619000000000000000000000000000000000000000000000000000000000000000100028804202882GILBERTO FABIANO CABRAL DE CAMARGO      RUA CARLOS JOSE BORSTENS - 50 AP.44 - AV            11702750                                                            000026
2SR. CAIXA, APOS O VENCIMENTO COBRAR 2% DE MULTA                                 NAO RECEBER APOS 30 DIAS DO VENCIMENTO.                                                                                                                                                                                                         12061900000000000001206190000000000000       009033990000627028804206191P000027
100000000000000000000009033990000627000000000000000000000000010002020000991706191200000000002            2  01009917061924061900000002451100000000001N110619000000000000000000000000000000000000000000000000000000000000000100000991748808JAILSON BORGES DE ANDRADE               RUA IPIOBUNA - 45 - JARDIM CUMBICA - GUA            07240040                                                            000029
2SR. CAIXA, APOS O VENCIMENTO COBRAR 2% DE MULTA                                 NAO RECEBER APOS 30 DIAS DO VENCIMENTO.                                                                                                                                                                                                         12061900000000000001206190000000000000       0090339900006270009917061912000030
100000000000000000000009033990000627000000000000000000000000010002020092180206191P00000000002            2  01921802061924061900000003341780000000001N110619000000000000000000000000000000000000000000000000000000000000000100092180299834LUIS ROBERTO DE SA DUARTE               RUA TEBAS - 296 AP.84 BLOCO 2 CE - JARDI            04634031                                                            000032
2SR. CAIXA, APOS O VENCIMENTO COBRAR 2% DE MULTA                                 NAO RECEBER APOS 30 DIAS DO VENCIMENTO.                                                                                                                                                                                                         12061900000000000001206190000000000000       009033990000627092180206191P000033
100000000000000000000009033990000627000000000000000000000000010002020092180206192800000000002            2  01921802061930061900000003341730000000001N110619000000000000000000000000000000000000000000000000000000000000000100092180299834LUIS ROBERTO DE SA DUARTE               RUA TEBAS - 296 AP.84 BLOCO 2 CE - JARDI            04634031                                                            000035
2SR. CAIXA, APOS O VENCIMENTO COBRAR 2% DE MULTA                                 NAO RECEBER APOS 30 DIAS DO VENCIMENTO.                                                                                                                                                                                                         12061900000000000001206190000000000000       0090339900006270921802061928000036
100000000000000000000009033990000627000000000000000000000000010002020092180206193600000000002            2  01921802061930061900000003341740000000001N110619000000000000000000000000000000000000000000000000000000000000000100092180299834LUIS ROBERTO DE SA DUARTE               RUA TEBAS - 296 AP.84 BLOCO 2 CE - JARDI            04634031                                                            000038
2SR. CAIXA, APOS O VENCIMENTO COBRAR 2% DE MULTA                                 NAO RECEBER APOS 30 DIAS DO VENCIMENTO.                                                                                                                                                                                                         12061900000000000001206190000000000000       0090339900006270921802061936000039
100000000000000000000009033990000627000000000000000000000000010002020092180206194400000000002            2  01921802061930061900000003341750000000001N110619000000000000000000000000000000000000000000000000000000000000000100092180299834LUIS ROBERTO DE SA DUARTE               RUA TEBAS - 296 AP.84 BLOCO 2 CE - JARDI            04634031                                                            000041
2SR. CAIXA, APOS O VENCIMENTO COBRAR 2% DE MULTA                                 NAO RECEBER APOS 30 DIAS DO VENCIMENTO.                                                                                                                                                                                                         12061900000000000001206190000000000000       0090339900006270921802061944000042
100000000000000000000009033990000627000000000000000000000000010002020092180206195200000000002            2  01921802061930061900000003341760000000001N110619000000000000000000000000000000000000000000000000000000000000000100092180299834LUIS ROBERTO DE SA DUARTE               RUA TEBAS - 296 AP.84 BLOCO 2 CE - JARDI            04634031                                                            000044
2SR. CAIXA, APOS O VENCIMENTO COBRAR 2% DE MULTA                                 NAO RECEBER APOS 30 DIAS DO VENCIMENTO.                                                                                                                                                                                                         12061900000000000001206190000000000000       0090339900006270921802061952000045
100000000000000000000009033990000627000000000000000000000000010002020092180206196000000000002            2  01921802061930061900000003341770000000001N110619000000000000000000000000000000000000000000000000000000000000000100092180299834LUIS ROBERTO DE SA DUARTE               RUA TEBAS - 296 AP.84 BLOCO 2 CE - JARDI            04634031                                                            000047
2SR. CAIXA, APOS O VENCIMENTO COBRAR 2% DE MULTA                                 NAO RECEBER APOS 30 DIAS DO VENCIMENTO.                                                                                                                                                                                                         12061900000000000001206190000000000000       0090339900006270921802061960000048
100000000000000000000009033990000627000000000000000000000000010002020022151606191900000000002            2  01221516061924061900000002436890000000001N110619000000000000000000000000000000000000000000000000000000000000000100022151666816SAMIR LIMA DE ARAUJO                    AVENIDA GUARAPIRANGA - 2616 AP.42 BLOCO1            04902005                                                            000050
2SR. CAIXA, APOS O VENCIMENTO COBRAR 2% DE MULTA                                 NAO RECEBER APOS 30 DIAS DO VENCIMENTO.                                                                                                                                                                                                         12061900000000000001206190000000000000       0090339900006270221516061919000051
100000000000000000000009033990000627000000000000000000000000010002020022313106191000000000002            2  01223131061926061900000001874540000000001N110619000000000000000000000000000000000000000000000000000000000000000100022313116824ROSA MARIA BRITO DA SILVA               RUA SERVIDAO DE SAO MARCOS - 113 - JARDI            04930300                                                            000053
2SR. CAIXA, APOS O VENCIMENTO COBRAR 2% DE MULTA                                 NAO RECEBER APOS 30 DIAS DO VENCIMENTO.                                                                                                                                                                                                         12061900000000000001206190000000000000       0090339900006270223131061910000054
100000000000000000000009033990000627000000000000000000000000010002020027538006191200000000002            2  01275380061926061900000001881070000000001N110619000000000000000000000000000000000000000000000000000000000000000100027538087249MARA LUCIA MENEZES DA COSTA             RUA LEILA  - 183 - ITAQUERA - SAO PAULO             08240020                                                            000056
2SR. CAIXA, APOS O VENCIMENTO COBRAR 2% DE MULTA                                 NAO RECEBER APOS 30 DIAS DO VENCIMENTO.                                                                                                                                                                                                         12061900000000000001206190000000000000       0090339900006270275380061912000057
100000000000000000000009033990000627000000000000000000000000010002020031278406191900000000002            2  01312784061924061900000002354080000000001N110619000000000000000000000000000000000000000000000000000000000000000100031278411836JEFFERSON DE PIERI PIRES ZAMUNER        RUA MANOEL ARCE - 277 - PARQUE BANCARIO             03922150                                                            000059
2SR. CAIXA, APOS O VENCIMENTO COBRAR 2% DE MULTA                                 NAO RECEBER APOS 30 DIAS DO VENCIMENTO.                                                                                                                                                                                                         12061900000000000001206190000000000000       0090339900006270312784061919000060
100000000000000000000009033990000627000000000000000000000000010002020019185706191000000000002            2  01191857061926061900000001711810000000001N110619000000000000000000000000000000000000000000000000000000000000000100019185769800AGUINALDO PESSOA DE LIMA                RUA JANUARIO ZINGARO - 252 AP.303 BL.04             05794300                                                            000062
2SR. CAIXA, APOS O VENCIMENTO COBRAR 2% DE MULTA                                 NAO RECEBER APOS 30 DIAS DO VENCIMENTO.                                                                                                                                                                                                         12061900000000000001206190000000000000       0090339900006270191857061910000063
100000000000000000000009033990000627000000000000000000000000010002020033303606191100000000002            2  01333036061926061900000001843780000000001N110619000000000000000000000000000000000000000000000000000000000000000100033303645809JESSICA DA SILVA FREITAS                RUA ARILDO VALADAO - 120 - JARDIM GUAEMB            04814600                                                            000065
2SR. CAIXA, APOS O VENCIMENTO COBRAR 2% DE MULTA                                 NAO RECEBER APOS 30 DIAS DO VENCIMENTO.                                                                                                                                                                                                         12061900000000000001206190000000000000       0090339900006270333036061911000066
100000000000000000000009033990000627000000000000000000000000010002020004824406191000000000002            2  01048244061926061900000001858360000000001N110619000000000000000000000000000000000000000000000000000000000000000100004824443806ROSIMEIRE CLARA FERREIRA REZENDE        RUA JOAQUIM DE OLIVEIRA FREITAS - 912 AP            05133000                                                            000068
2SR. CAIXA, APOS O VENCIMENTO COBRAR 2% DE MULTA                                 NAO RECEBER APOS 30 DIAS DO VENCIMENTO.                                                                                                                                                                                                         12061900000000000001206190000000000000       0090339900006270048244061910000069
100000000000000000000009033990000627000000000000000000000000010002020006422606191700000000002            2  01064226061924061900000002549540000000001N110619000000000000000000000000000000000000000000000000000000000000000100006422607881GERALDO ALVES DA SILVA                  RUA CARLOS JOSE BORSTENS - 50 AP.14 - AV            11702750                                                            000071
2SR. CAIXA, APOS O VENCIMENTO COBRAR 2% DE MULTA                                 NAO RECEBER APOS 30 DIAS DO VENCIMENTO.                                                                                                                                                                                                         12061900000000000001206190000000000000       0090339900006270064226061917000072
100000000000000000000009033990000627000000000000000000000000010002020033877106191900000000002            2  01338771061926061900000001728600000000001N110619000000000000000000000000000000000000000000000000000000000000000100033877129870HELDER FERREIRA VIANA                   RUA TUPI - 254 - VILA TUPI - PRAIA GRAND            11703260                                                            000074
2SR. CAIXA, APOS O VENCIMENTO COBRAR 2% DE MULTA                                 NAO RECEBER APOS 30 DIAS DO VENCIMENTO.                                                                                                                                                                                                         12061900000000000001206190000000000000       0090339900006270338771061919000075
100000000000000000000009033990000627000000000000000000000000010002020028290706191200000000002            2  01282907061926061900000001593110000000001N110619000000000000000000000000000000000000000000000000000000000000000100028290719809VANESSA GIANGARRELLI PEREIRA            RUA BARINEL - 72 - JARDIM COTCHING - SAO            03462130                                                            000077
2SR. CAIXA, APOS O VENCIMENTO COBRAR 2% DE MULTA                                 NAO RECEBER APOS 30 DIAS DO VENCIMENTO.                                                                                                                                                                                                         12061900000000000001206190000000000000       0090339900006270282907061912000078
100000000000000000000009033990000627000000000000000000000000010002020087573006191800000000002            2  01875730061926061900000001739670000000001N110619000000000000000000000000000000000000000000000000000000000000000100087573059604VANDERLEY DE ASSIS                      RUA ROMEU ALBANI - 268 - JARDIM PARQUE R            13803810                                                            000080
2SR. CAIXA, APOS O VENCIMENTO COBRAR 2% DE MULTA                                 NAO RECEBER APOS 30 DIAS DO VENCIMENTO.                                                                                                                                                                                                         12061900000000000001206190000000000000       0090339900006270875730061918000081
100000000000000000000009033990000627000000000000000000000000010002020010825506191500000000002            2  01108255061926061900000001815450000000001N110619000000000000000000000000000000000000000000000000000000000000000100010825513847JOSE APARECIDO PEREIRA                  RUA GENERAL OSORIO - 305 - JARDIM TRINTA            11515130                                                            000083
2SR. CAIXA, APOS O VENCIMENTO COBRAR 2% DE MULTA                                 NAO RECEBER APOS 30 DIAS DO VENCIMENTO.                                                                                                                                                                                                         12061900000000000001206190000000000000       0090339900006270108255061915000084
100000000000000000000009033990000627000000000000000000000000010002020038818506191500000000002            2  01388185061926061900000001846480000000001N110619000000000000000000000000000000000000000000000000000000000000000100038818572814MAURICIUS ALEXANDRE ESTEVAM NABOR       RUA RAUL SERAPIAO BARROSO - 379 - ESPLAN            11340330                                                            000086
2SR. CAIXA, APOS O VENCIMENTO COBRAR 2% DE MULTA                                 NAO RECEBER APOS 30 DIAS DO VENCIMENTO.                                                                                                                                                                                                         12061900000000000001206190000000000000       0090339900006270388185061915000087
100000000000000000000009033990000627000000000000000000000000010002020039115106191700000000002            2  01391151061926061900000002237850000000001N110619000000000000000000000000000000000000000000000000000000000000000100039115139840LAIS CRISTINA RIBEIRO ANDO              RUA PERU - 769 AP.17 - VILA GUILHERMINA             11702250                                                            000089
2SR. CAIXA, APOS O VENCIMENTO COBRAR 2% DE MULTA                                 NAO RECEBER APOS 30 DIAS DO VENCIMENTO.                                                                                                                                                                                                         12061900000000000001206190000000000000       0090339900006270391151061917000090
100000000000000000000009033990000627000000000000000000000000010002020029617506191500000000002            2  01296175061924061900000002502460000000001N110619000000000000000000000000000000000000000000000000000000000000000100029617510553MARILENE SOUZA DE OLIVEIRA              AVENIDA BRASIL - 393 AP.09 - PARQUE DAS             09210280                                                            000092
2SR. CAIXA, APOS O VENCIMENTO COBRAR 2% DE MULTA                                 NAO RECEBER APOS 30 DIAS DO VENCIMENTO.                                                                                                                                                                                                         12061900000000000001206190000000000000       0090339900006270296175061915000093
100000000000000000000009033990000627000000000000000000000000010002020000593206191500000000002            2  01005932061924061900000002744580000000001N110619000000000000000000000000000000000000000000000000000000000000000100000593293860WALTER HELIO BARBOSA FILHO              AVENIDA ANTONIO FREDERICO OZANAN - 9500             13214206                                                            000095
2SR. CAIXA, APOS O VENCIMENTO COBRAR 2% DE MULTA                                 NAO RECEBER APOS 30 DIAS DO VENCIMENTO.                                                                                                                                                                                                         12061900000000000001206190000000000000       0090339900006270005932061915000096
100000000000000000000009033990000627000000000000000000000000010002020007730006191000000000002            2  01077300061924061900000003903060000000001N110619000000000000000000000000000000000000000000000000000000000000000100007730084899ARNALDO LUIZ VONO                       RUA CARLOS JOSE BORSTENS - 50 AP.122 - A            11702750                                                            000098
2SR. CAIXA, APOS O VENCIMENTO COBRAR 2% DE MULTA                                 NAO RECEBER APOS 30 DIAS DO VENCIMENTO.                                                                                                                                                                                                         12061900000000000001206190000000000000       0090339900006270077300061910000099
100000000000000000000009033990000627000000000000000000000000010002020065584106191700000000002            2  01655841061924061900000001440740000000001N110619000000000000000000000000000000000000000000000000000000000000000100065584147834JOAQUIM DA COSTA MACHADO NETO           RUA CARLOS JOSE BORSTENS - 50 AP.42 - AV            11702750                                                            000101
2SR. CAIXA, APOS O VENCIMENTO COBRAR 2% DE MULTA                                 NAO RECEBER APOS 30 DIAS DO VENCIMENTO.                                                                                                                                                                                                         12061900000000000001206190000000000000       0090339900006270655841061917000102
100000000000000000000009033990000627000000000000000000000000010002020001616906191900000000002            2  01016169061924061900000002533830000000001N110619000000000000000000000000000000000000000000000000000000000000000100001616913827CLAUDIO LUIZ PAULELLA                   PRACA NESTOR DOS SANTOS ARRUDA - 26 - VI            13920000                                                            000104
2SR. CAIXA, APOS O VENCIMENTO COBRAR 2% DE MULTA                                 NAO RECEBER APOS 30 DIAS DO VENCIMENTO.                                                                                                                                                                                                         12061900000000000001206190000000000000       0090339900006270016169061919000105
100000000000000000000009033990000627000000000000000000000000010002020006684606191P00000000002            2  01066846061926061900000001843530000000001N110619000000000000000000000000000000000000000000000000000000000000000100006684623884LAUDINOR VIEIRA GARCIA                  RUA CANDIDO SALES - 374 - JARDIM PRESIDE            07172000                                                            000107
2SR. CAIXA, APOS O VENCIMENTO COBRAR 2% DE MULTA                                 NAO RECEBER APOS 30 DIAS DO VENCIMENTO.                                                                                                                                                                                                         12061900000000000001206190000000000000       009033990000627006684606191P000108
100000000000000000000009033990000627000000000000000000000000010002020011663506191000000000002            2  01116635061926061900000001856820000000001N110619000000000000000000000000000000000000000000000000000000000000000100011663589844MARIA SAVIO QUARELLO                    AVENIDA MENDONCA DRUMOND - 321 - JARDIM             03524030                                                            000110
2SR. CAIXA, APOS O VENCIMENTO COBRAR 2% DE MULTA                                 NAO RECEBER APOS 30 DIAS DO VENCIMENTO.                                                                                                                                                                                                         12061900000000000001206190000000000000       0090339900006270116635061910000111
100000000000000000000009033990000627000000000000000000000000010002020010083806191200000000002            2  01100838061926061900000001793980000000001N110619000000000000000000000000000000000000000000000000000000000000000100010083824855IONE FERREIRA COUTO DA SILVA            RUA JOSE RAGEL DE MESQUITA - 60 CS.01 -             07799999                                                            000113
2SR. CAIXA, APOS O VENCIMENTO COBRAR 2% DE MULTA                                 NAO RECEBER APOS 30 DIAS DO VENCIMENTO.                                                                                                                                                                                                         12061900000000000001206190000000000000       0090339900006270100838061912000114
100000000000000000000009033990000627000000000000000000000000010002020036881706191500000000002            2  01368817061926061900000001760500000000001N110619000000000000000000000000000000000000000000000000000000000000000100036881778864ANDRE GONZALEZ RABELLO                  RUA PARAIBA - 106 AP.61 - POMPEIA - SANT            11065470                                                            000116
2SR. CAIXA, APOS O VENCIMENTO COBRAR 2% DE MULTA                                 NAO RECEBER APOS 30 DIAS DO VENCIMENTO.                                                                                                                                                                                                         12061900000000000001206190000000000000       0090339900006270368817061915000117
100000000000000000000009033990000627000000000000000000000000010002020018207006191400000000002            2  01182070061924061900000002426680000000001N110619000000000000000000000000000000000000000000000000000000000000000100018207096802ROBERTO VALENTE TAVARES                 RUA SEBASTIAO GOMES - 218 - JARDIM SANTO            13835000                                                            000119
2SR. CAIXA, APOS O VENCIMENTO COBRAR 2% DE MULTA                                 NAO RECEBER APOS 30 DIAS DO VENCIMENTO.                                                                                                                                                                                                         12061900000000000001206190000000000000       0090339900006270182070061914000120
100000000000000000000009033990000627000000000000000000000000010002020005351006191700000000002            2  01053510061926061900000001650640000000001N110619000000000000000000000000000000000000000000000000000000000000000100005351015897VALERIA ALVES MARCOLINO HINNIGER        RUA MONGOLIA - 230 AP.71 BL.4 - PARQUE N            09280220                                                            000122
2SR. CAIXA, APOS O VENCIMENTO COBRAR 2% DE MULTA                                 NAO RECEBER APOS 30 DIAS DO VENCIMENTO.                                                                                                                                                                                                         12061900000000000001206190000000000000       0090339900006270053510061917000123
100000000000000000000009033990000627000000000000000000000000010002020031898706191200000000002            2  01318987061924061900000002626130000000001N110619000000000000000000000000000000000000000000000000000000000000000100031898775800ANITA MARTINS COLOMBO                   RUA CARLOS JOSE BORSTENS - 50 AP.115 - A            11702750                                                            000125
2SR. CAIXA, APOS O VENCIMENTO COBRAR 2% DE MULTA                                 NAO RECEBER APOS 30 DIAS DO VENCIMENTO.                                                                                                                                                                                                         12061900000000000001206190000000000000       0090339900006270318987061912000126
100000000000000000000009033990000627000000000000000000000000010002020037983406191200000000002            2  01379834061926061900000001938960000000001N110619000000000000000000000000000000000000000000000000000000000000000100037983484801JOSE ERIVALDO SOUZA DO NASCIMENTO RAMOS RUA LETICIA - 250 - JARDIM GUARUJA - SAO            05877260                                                            000128
2SR. CAIXA, APOS O VENCIMENTO COBRAR 2% DE MULTA                                 NAO RECEBER APOS 30 DIAS DO VENCIMENTO.                                                                                                                                                                                                         12061900000000000001206190000000000000       0090339900006270379834061912000129
100000000000000000000009033990000627000000000000000000000000010002020056289206191300000000002            2  01562892061926061900000001464780000000001N110619000000000000000000000000000000000000000000000000000000000000000100056289286900PEDRO RIBEIRO                           RUA CONEGO MANOEL VAZ - 48 - SANTANA - S            02019050                                                            000131
2SR. CAIXA, APOS O VENCIMENTO COBRAR 2% DE MULTA                                 NAO RECEBER APOS 30 DIAS DO VENCIMENTO.                                                                                                                                                                                                         12061900000000000001206190000000000000       0090339900006270562892061913000132
100000000000000000000009033990000627000000000000000000000000010002020005025506191700000000002            2  01050255061926061900000002084550000000001N110619000000000000000000000000000000000000000000000000000000000000000100005025595860CONCEICAO APARECIDA DE MESQUITA PEREIRA RUA TRIUNFO - 835 AP.105 - JARDIM SAO LU            14020670                                                            000134
2SR. CAIXA, APOS O VENCIMENTO COBRAR 2% DE MULTA                                 NAO RECEBER APOS 30 DIAS DO VENCIMENTO.                                                                                                                                                                                                         12061900000000000001206190000000000000       0090339900006270050255061917000135
100000000000000000000009033990000627000000000000000000000000010002020034735306191P00000000002            2  01347353061926061900000002010320000000001N110619000000000000000000000000000000000000000000000000000000000000000100034735328866DIEGO FELIPE MOLINA DA SILVA E SOUSA    RUA EMILIA PAULISTA - 135 - VILA TIRADEN            05364020                                                            000137
2SR. CAIXA, APOS O VENCIMENTO COBRAR 2% DE MULTA                                 NAO RECEBER APOS 30 DIAS DO VENCIMENTO.                                                                                                                                                                                                         12061900000000000001206190000000000000       009033990000627034735306191P000138
100000000000000000000009033990000627000000000000000000000000010002020076175606191000000000002            2  01761756061924061900000003644490000000001N110619000000000000000000000000000000000000000000000000000000000000000100076175685687GILMAR DE OLIVEIRA BRAGA                RUA MARACAJU - 161 AP.202 - NOVA GRANADA            30431350                                                            000140
2SR. CAIXA, APOS O VENCIMENTO COBRAR 2% DE MULTA                                 NAO RECEBER APOS 30 DIAS DO VENCIMENTO.                                                                                                                                                                                                         12061900000000000001206190000000000000       0090339900006270761756061910000141
9                                                                                                                                                                                                                                                                                                                                                                                                         000142