01REMESSA01COBRANCA       00000000000008017025HB SANTOS CONSTRUTORA E INCORP237BRADESCO       090517        MX0000030                                                                                                                                                                                                                                                                                     000001
100000000000000000000009033990000627000000000000000000000000010002020019257152192900000000002            2  01192571521924051700000001749210000000001N090517000000000000000000000000000000000000000000000000000000000000000100025035170802WANDERSON LUIS DE CARVALHO              RUA JOAQUIM GONCALVES ROCHA - 302 - JARD            02859030                                                            000002
2SR. CAIXA, APOS O VENCIMENTO COBRAR 2% DE MULTA                                 NAO RECEBER APOS 30 DIAS DO VENCIMENTO.                                                                                                                                                                                                         09051700000000000000905170000000000000       0090339900006270192571521929000003
100000000000000000000009033990000627000000000000000000000000010002020019403153193600000000002            2  01194031531924051700000002352760000000001N090517000000000000000000000000000000000000000000000000000000000000000100007294351805CLAUDENIR APARECIDO VACARI              RUA OFELIA CHAVES DE MEIRELLES - 989 CAS            11360210                                                            000005
2SR. CAIXA, APOS O VENCIMENTO COBRAR 2% DE MULTA                                 NAO RECEBER APOS 30 DIAS DO VENCIMENTO.                                                                                                                                                                                                         09051700000000000000905170000000000000       0090339900006270194031531936000006
100000000000000000000009033990000627000000000000000000000000010002020019549154194400000000002            2  01195491541924051700000002377420000000001N090517000000000000000000000000000000000000000000000000000000000000000100042976111634ACACIO TOSCANO BONDANCA                 RUA COMENDADOR JACOMO ANTONIO LA SELVA -            12946797                                                            000008
2SR. CAIXA, APOS O VENCIMENTO COBRAR 2% DE MULTA                                 NAO RECEBER APOS 30 DIAS DO VENCIMENTO.                                                                                                                                                                                                         09051700000000000000905170000000000000       0090339900006270195491541944000009
100000000000000000000009033990000627000000000000000000000000010002020020294158200600000000002            2  01202941582024051700000002007850000000001N090517000000000000000000000000000000000000000000000000000000000000000100035438022836ALESSANDRO FARACO DOS SANTOS            RUA PEDRO POMAR  - 145 - JARDIM ELISA MA            02875020                                                            000011
2SR. CAIXA, APOS O VENCIMENTO COBRAR 2% DE MULTA                                 NAO RECEBER APOS 30 DIAS DO VENCIMENTO.                                                                                                                                                                                                         09051700000000000000905170000000000000       0090339900006270202941582006000012
100000000000000000000009033990000627000000000000000000000000010002020021636167212200000000002            2  01216361672124051700000002631640000000001N090517000000000000000000000000000000000000000000000000000000000000000100007525032866FERNANDO RIBEIRO                        RUA ALDO COLI - 539 - VILA MIRIM - PRAIA            11704760                                                            000014
2SR. CAIXA, APOS O VENCIMENTO COBRAR 2% DE MULTA                                 NAO RECEBER APOS 30 DIAS DO VENCIMENTO.                                                                                                                                                                                                         09051700000000000000905170000000000000       0090339900006270216361672122000015
100000000000000000000009033990000627000000000000000000000000010002020021781168213800000000002            2  01217811682124051700000003024660000000001N090517000000000000000000000000000000000000000000000000000000000000000100031898775800ANITA MARTINS COLOMBO                   RUA GUIAN - 334 AP.51 - VILA CAMPESTRE -            04330090                                                            000017
2SR. CAIXA, APOS O VENCIMENTO COBRAR 2% DE MULTA                                 NAO RECEBER APOS 30 DIAS DO VENCIMENTO.                                                                                                                                                                                                         09051700000000000000905170000000000000       0090339900006270217811682138000018
100000000000000000000009033990000627000000000000000000000000010002020021927169214P00000000002            2  01219271692124051700000002308450000000001N090517000000000000000000000000000000000000000000000000000000000000000100005520147884ERIBALDO SANTANA CARVALHO               RUA HONDURAS - 477 - PARQUE DAS AMERICAS            09351070                                                            000020
2SR. CAIXA, APOS O VENCIMENTO COBRAR 2% DE MULTA                                 NAO RECEBER APOS 30 DIAS DO VENCIMENTO.                                                                                                                                                                                                         09051700000000000000905170000000000000       009033990000627021927169214P000021
100000000000000000000009033990000627000000000000000000000000010002020022577173220200000000002            2  01225771732224051700000002159740000000001N090517000000000000000000000000000000000000000000000000000000000000000100002841756416LUCIANA PINHEIRO DE ASSIS NUNES         RUA RIO ACIMA - 81 - RIACHO GRANDE - SAO            09830100                                                            000023
2SR. CAIXA, APOS O VENCIMENTO COBRAR 2% DE MULTA                                 NAO RECEBER APOS 30 DIAS DO VENCIMENTO.                                                                                                                                                                                                         09051700000000000000905170000000000000       0090339900006270225771732202000024
100000000000000000000009033990000627000000000000000000000000010002020022725174221600000000002            2  01227251742224051700000002170100000000001N090517000000000000000000000000000000000000000000000000000000000000000100084302097868FAUSTO TADEU VILOR                      RUA ANTONIO TAVARES - 466 - BAIRRO CAMBU            01542010                                                            000026
2SR. CAIXA, APOS O VENCIMENTO COBRAR 2% DE MULTA                                 NAO RECEBER APOS 30 DIAS DO VENCIMENTO.                                                                                                                                                                                                         09051700000000000000905170000000000000       0090339900006270227251742216000027
100000000000000000000009033990000627000000000000000000000000010002020024625185234200000000002            2  01246251852324051700000002060350000000001N090517000000000000000000000000000000000000000000000000000000000000000100018207096802ROBERTO VALENTE TAVARES                 RUA SEBASTIAO GOMES - 218 - JARDIM SANTO            13835000                                                            000029
2SR. CAIXA, APOS O VENCIMENTO COBRAR 2% DE MULTA                                 NAO RECEBER APOS 30 DIAS DO VENCIMENTO.                                                                                                                                                                                                         09051700000000000000905170000000000000       0090339900006270246251852342000030
100000000000000000000009033990000627000000000000000000000000010002020024918176236600000000002            2  01249181762324051700000002132160000000001N090517000000000000000000000000000000000000000000000000000000000000000100028804202882GILBERTO FABIANO CABRAL DE CAMARGO      RUA JOAO AMADO COUTINHO - 444 AP.11 A -             02815000                                                            000032
2SR. CAIXA, APOS O VENCIMENTO COBRAR 2% DE MULTA                                 NAO RECEBER APOS 30 DIAS DO VENCIMENTO.                                                                                                                                                                                                         09051700000000000000905170000000000000       0090339900006270249181762366000033
100000000000000000000009033990000627000000000000000000000000010002020025359187239500000000002            2  01253591872324051700000002081050000000001N090517000000000000000000000000000000000000000000000000000000000000000100000991748808JAILSON BORGES DE ANDRADE               RUA SAO GABRIEL DA CACHOEIRA - 28 - JARD            07240080                                                            000035
2SR. CAIXA, APOS O VENCIMENTO COBRAR 2% DE MULTA                                 NAO RECEBER APOS 30 DIAS DO VENCIMENTO.                                                                                                                                                                                                         09051700000000000000905170000000000000       0090339900006270253591872395000036
100000000000000000000009033990000627000000000000000000000000010002020025505188240800000000002            2  01255051882424051700000002837280000000001N090517000000000000000000000000000000000000000000000000000000000000000100092180299834LUIS ROBERTO DE SA DUARTE               RUA TEBAS - 296 AP.84 BLOCO 2 CE - JARDI            04634031                                                            000038
2SR. CAIXA, APOS O VENCIMENTO COBRAR 2% DE MULTA                                 NAO RECEBER APOS 30 DIAS DO VENCIMENTO.                                                                                                                                                                                                         09051700000000000000905170000000000000       0090339900006270255051882408000039
100000000000000000000009033990000627000000000000000000000000010002020025943191243700000000002            2  01259431912424051700000002068980000000001N090517000000000000000000000000000000000000000000000000000000000000000100022151666816SAMIR LIMA DE ARAUJO                    AVENIDA GUARAPIRANGA - 2616 AP.42 BLOCO1            04902005                                                            000041
2SR. CAIXA, APOS O VENCIMENTO COBRAR 2% DE MULTA                                 NAO RECEBER APOS 30 DIAS DO VENCIMENTO.                                                                                                                                                                                                         09051700000000000000905170000000000000       0090339900006270259431912437000042
100000000000000000000009033990000627000000000000000000000000010002020026090186244800000000002            2  01260901862426051700000001643200000000001N090517000000000000000000000000000000000000000000000000000000000000000100022313116824ROSA MARIA BRITO DA SILVA               RUA SERVIDAO DE SAO MARCOS - 113 - JARDI            04930300                                                            000044
2SR. CAIXA, APOS O VENCIMENTO COBRAR 2% DE MULTA                                 NAO RECEBER APOS 30 DIAS DO VENCIMENTO.                                                                                                                                                                                                         09051700000000000000905170000000000000       0090339900006270260901862448000045
100000000000000000000009033990000627000000000000000000000000010002020026240184245100000000002            2  01262401842426051700000001648920000000001N090517000000000000000000000000000000000000000000000000000000000000000100027538087249MARA LUCIA MENEZES DA COSTA             RUA LEILA  - 183 - ITAQUERA - SAO PAULO             08240020                                                            000047
2SR. CAIXA, APOS O VENCIMENTO COBRAR 2% DE MULTA                                 NAO RECEBER APOS 30 DIAS DO VENCIMENTO.                                                                                                                                                                                                         09051700000000000000905170000000000000       0090339900006270262401842451000048
100000000000000000000009033990000627000000000000000000000000010002020026387179246500000000002            2  01263871792426051700000001745620000000001N090517000000000000000000000000000000000000000000000000000000000000000100020105503827VALTER DE SOUSA LIBARINO FILHO          RUA DAS PAINEIRAS - 140 - LARANJEIRAS -             07700000                                                            000050
2SR. CAIXA, APOS O VENCIMENTO COBRAR 2% DE MULTA                                 NAO RECEBER APOS 30 DIAS DO VENCIMENTO.                                                                                                                                                                                                         09051700000000000000905170000000000000       0090339900006270263871792465000051
100000000000000000000009033990000627000000000000000000000000010002020026530192247300000000002            2  01265301922424051700000001998710000000001N090517000000000000000000000000000000000000000000000000000000000000000100031278411836JEFFERSON DE PIERI PIRES ZAMUNER        RUA MANOEL ARCE - 277 - PARQUE BANCARIO             03922150                                                            000053
2SR. CAIXA, APOS O VENCIMENTO COBRAR 2% DE MULTA                                 NAO RECEBER APOS 30 DIAS DO VENCIMENTO.                                                                                                                                                                                                         09051700000000000000905170000000000000       0090339900006270265301922473000054
100000000000000000000009033990000627000000000000000000000000010002020026959194251600000000002            2  01269591942526051700000001500570000000001N090517000000000000000000000000000000000000000000000000000000000000000100019185769800AGUINALDO PESSOA DE LIMA                RUA JANUARIO ZINGARO - 252 AP.303 BL.04             05794300                                                            000056
2SR. CAIXA, APOS O VENCIMENTO COBRAR 2% DE MULTA                                 NAO RECEBER APOS 30 DIAS DO VENCIMENTO.                                                                                                                                                                                                         09051700000000000000905170000000000000       0090339900006270269591942516000057
100000000000000000000009033990000627000000000000000000000000010002020027255196253100000000002            2  01272551962526051700000001011120000000001N090517000000000000000000000000000000000000000000000000000000000000000100033303645809JESSICA DA SILVA FREITAS                RUA ARILDO VALADAO - 120 - JARDIM GUAEMB            04814600                                                            000059
2SR. CAIXA, APOS O VENCIMENTO COBRAR 2% DE MULTA                                 NAO RECEBER APOS 30 DIAS DO VENCIMENTO.                                                                                                                                                                                                         09051700000000000000905170000000000000       0090339900006270272551962531000060
100000000000000000000009033990000627000000000000000000000000010002020027401197254900000000002            2  01274011972526051700000001629020000000001N090517000000000000000000000000000000000000000000000000000000000000000100004824443806ROSIMEIRE CLARA FERREIRA REZENDE        RUA JOAQUIM DE OLIVEIRA FREITAS - 912 AP            05133000                                                            000062
2SR. CAIXA, APOS O VENCIMENTO COBRAR 2% DE MULTA                                 NAO RECEBER APOS 30 DIAS DO VENCIMENTO.                                                                                                                                                                                                         09051700000000000000905170000000000000       0090339900006270274011972549000063
100000000000000000000009033990000627000000000000000000000000010002020027547198255700000000002            2  01275471982524051700000002164650000000001N090517000000000000000000000000000000000000000000000000000000000000000100006422607881GERALDO ALVES DA SILVA                  RUA ALFREDO JOREL - 195 AP.5 CONDOMINIO             04195020                                                            000065
2SR. CAIXA, APOS O VENCIMENTO COBRAR 2% DE MULTA                                 NAO RECEBER APOS 30 DIAS DO VENCIMENTO.                                                                                                                                                                                                         09051700000000000000905170000000000000       0090339900006270275471982557000066
100000000000000000000009033990000627000000000000000000000000010002020027693199256000000000002            2  01276931992526051700000001515270000000001N090517000000000000000000000000000000000000000000000000000000000000000100033877129870HELDER FERREIRA VIANA                   RUA LEOPOLDO MOTTA E SILVA - 93 AP.34 -             11320340                                                            000068
2SR. CAIXA, APOS O VENCIMENTO COBRAR 2% DE MULTA                                 NAO RECEBER APOS 30 DIAS DO VENCIMENTO.                                                                                                                                                                                                         09051700000000000000905170000000000000       0090339900006270276931992560000069
100000000000000000000009033990000627000000000000000000000000010002020027985201258400000000002            2  01279852012526051700000001396510000000001N090517000000000000000000000000000000000000000000000000000000000000000100028290719809VANESSA GIANGARRELLI PEREIRA            RUA BARINEL - 72 - JARDIM COTCHING - SAO            03462130                                                            000071
2SR. CAIXA, APOS O VENCIMENTO COBRAR 2% DE MULTA                                 NAO RECEBER APOS 30 DIAS DO VENCIMENTO.                                                                                                                                                                                                         09051700000000000000905170000000000000       0090339900006270279852012584000072
9                                                                                                                                                                                                                                                                                                                                                                                                         000073