01REMESSA01COBRANCA       00000000000008017025HB SANTOS CONSTRUTORA E INCORP237BRADESCO       011018        MX0000064                                                                                                                                                                                                                                                                                     000001
100000000000000000000009033990000627000000000000000000000000010002020029671510181400000000002            2  01296715101809101800000002332280000000001N011018000000000000000000000000000000000000000000000000000000000000000100029671526845ROGERIO CONSENTINO                      RUA CARLOS MAZER  - 678 - VILA CARMOSINA            08290700                                                            000002
2SR. CAIXA, APOS O VENCIMENTO COBRAR 2% DE MULTA                                 NAO RECEBER APOS 30 DIAS DO VENCIMENTO.                                                                                                                                                                                                         01101800000000000000110180000000000000       0090339900006270296715101814000003
100000000000000000000009033990000627000000000000000000000000010002020003863010181600000000002            2  01038630101809101800000002203040000000001N011018000000000000000000000000000000000000000000000000000000000000000100003863075803HERALDO MENQUINI                        RUA OCEANICA AMABILE - 346 AP.415 - CIDA            11704420                                                            000005
2SR. CAIXA, APOS O VENCIMENTO COBRAR 2% DE MULTA                                 NAO RECEBER APOS 30 DIAS DO VENCIMENTO.                                                                                                                                                                                                         01101800000000000000110180000000000000       0090339900006270038630101816000006
100000000000000000000009033990000627000000000000000000000000010002020029028410181300000000002            2  01290284101809101800000002256790000000001N011018000000000000000000000000000000000000000000000000000000000000000100029028478825LEONARDO LOUZADA                        RUA ILHEUS - QUADRA 31 - 244 - BAIRRO CE            19274000                                                            000008
2SR. CAIXA, APOS O VENCIMENTO COBRAR 2% DE MULTA                                 NAO RECEBER APOS 30 DIAS DO VENCIMENTO.                                                                                                                                                                                                         01101800000000000000110180000000000000       0090339900006270290284101813000009
100000000000000000000009033990000627000000000000000000000000010002020032878510181000000000002            2  01328785101809101800000003261510000000001N011018000000000000000000000000000000000000000000000000000000000000000100032878512847LEONARDO MOURA MONIZ CALDEIRA           RUA BALSA - 682 AP.134 T.02 - VILA ARCAD            02910000                                                            000011
2SR. CAIXA, APOS O VENCIMENTO COBRAR 2% DE MULTA                                 NAO RECEBER APOS 30 DIAS DO VENCIMENTO.                                                                                                                                                                                                         01101800000000000000110180000000000000       0090339900006270328785101810000012
100000000000000000000009033990000627000000000000000000000000010002020016479010181800000000002            2  01164790101809101800000003469660000000001N011018000000000000000000000000000000000000000000000000000000000000000100016479002806LOURDES PEREIRA DE QUEIROZ SECANECHIA   RUA PAULINO CURSI - 437 - CIDADE SAO MAT            03960060                                                            000014
2SR. CAIXA, APOS O VENCIMENTO COBRAR 2% DE MULTA                                 NAO RECEBER APOS 30 DIAS DO VENCIMENTO.                                                                                                                                                                                                         01101800000000000000110180000000000000       0090339900006270164790101818000015
100000000000000000000009033990000627000000000000000000000000010002020019635010181500000000002            2  01196350101809101800000002560000000000001N011018000000000000000000000000000000000000000000000000000000000000000100019635091885IVAN VIEIRA SILVA                       ABRAO JORGE - 3001 - JARDIM INTEGRACAO -            14405397                                                            000017
2SR. CAIXA, APOS O VENCIMENTO COBRAR 2% DE MULTA                                 NAO RECEBER APOS 30 DIAS DO VENCIMENTO.                                                                                                                                                                                                         01101800000000000000110180000000000000       0090339900006270196350101815000018
100000000000000000000009033990000627000000000000000000000000010002020009361410181500000000002            2  01093614101809101800000002518970000000001N011018000000000000000000000000000000000000000000000000000000000000000100009361471805JOSE BARBOSA DA SILVA                   RUA ALFREDO INACIO TRINDADE  - 60 AP.44             02344100                                                            000020
2SR. CAIXA, APOS O VENCIMENTO COBRAR 2% DE MULTA                                 NAO RECEBER APOS 30 DIAS DO VENCIMENTO.                                                                                                                                                                                                         01101800000000000000110180000000000000       0090339900006270093614101815000021
100000000000000000000009033990000627000000000000000000000000010002020012756910181900000000002            2  01127569101809101800000002174430000000001N011018000000000000000000000000000000000000000000000000000000000000000100012756959812ITAMAR JUVENAL DIAS DA SILVA            RUA ELISEU REINALDO MORAES VIEIRA - 90 A            02858000                                                            000023
2SR. CAIXA, APOS O VENCIMENTO COBRAR 2% DE MULTA                                 NAO RECEBER APOS 30 DIAS DO VENCIMENTO.                                                                                                                                                                                                         01101800000000000000110180000000000000       0090339900006270127569101819000024
100000000000000000000009033990000627000000000000000000000000010002020002731010181600000000002            2  01027310101809101800000002570750000000001N011018000000000000000000000000000000000000000000000000000000000000000100002731042842VALTER CERQUEIRA VILLA NOVA             RUA MACHADO - 106 - VILA AUGUSTA - GUARU            07025210                                                            000026
2SR. CAIXA, APOS O VENCIMENTO COBRAR 2% DE MULTA                                 NAO RECEBER APOS 30 DIAS DO VENCIMENTO.                                                                                                                                                                                                         01101800000000000000110180000000000000       0090339900006270027310101816000027
100000000000000000000009033990000627000000000000000000000000010002020028802110181400000000002            2  01288021101809101800000002321350000000001N011018000000000000000000000000000000000000000000000000000000000000000100028802158894ELIEL HENRIQUE ZUZA                     RUA CARLOS JOSE BORSTENS - 50 AP.43 - BA            11702750                                                            000029
2SR. CAIXA, APOS O VENCIMENTO COBRAR 2% DE MULTA                                 NAO RECEBER APOS 30 DIAS DO VENCIMENTO.                                                                                                                                                                                                         01101800000000000000110180000000000000       0090339900006270288021101814000030
100000000000000000000009033990000627000000000000000000000000010002020008739110181800000000002            2  01087391101809101800000002171040000000001N011018000000000000000000000000000000000000000000000000000000000000000100008739150895VANGEVALDO BATISTA SANT ANNA            TRAVESSA TOMAZIN - 02 - ERMELINO MATARAZ            03811125                                                            000032
2SR. CAIXA, APOS O VENCIMENTO COBRAR 2% DE MULTA                                 NAO RECEBER APOS 30 DIAS DO VENCIMENTO.                                                                                                                                                                                                         01101800000000000000110180000000000000       0090339900006270087391101818000033
100000000000000000000009033990000627000000000000000000000000010002020005313710181400000000002            2  01053137101811101800000001904610000000001N011018000000000000000000000000000000000000000000000000000000000000000100005313717863EDIMICIO JOSE DE ARAUJO                 PRACA NICOLAU GERAIGIRE - 680 CA A - JAR            11095110                                                            000035
2SR. CAIXA, APOS O VENCIMENTO COBRAR 2% DE MULTA                                 NAO RECEBER APOS 30 DIAS DO VENCIMENTO.                                                                                                                                                                                                         01101800000000000000110180000000000000       0090339900006270053137101814000036
100000000000000000000009033990000627000000000000000000000000010002020029433610181200000000002            2  01294336101811101800000001829670000000001N011018000000000000000000000000000000000000000000000000000000000000000100029433631897MARIO MUNIZ                             RUA LIBERO BADARO - 1115 - BAIRRO CIDADE            11704070                                                            000038
2SR. CAIXA, APOS O VENCIMENTO COBRAR 2% DE MULTA                                 NAO RECEBER APOS 30 DIAS DO VENCIMENTO.                                                                                                                                                                                                         01101800000000000000110180000000000000       0090339900006270294336101812000039
100000000000000000000009033990000627000000000000000000000000010002020001847210181000000000002            2  01018472101811101800000001684460000000001N011018000000000000000000000000000000000000000000000000000000000000000100001847204864AMERICA CONCEICAO DA SILVA              RUA CAMINHO DO GUARAMAR - 199 AP.11 BLOC            11721050                                                            000041
2SR. CAIXA, APOS O VENCIMENTO COBRAR 2% DE MULTA                                 NAO RECEBER APOS 30 DIAS DO VENCIMENTO.                                                                                                                                                                                                         01101800000000000000110180000000000000       0090339900006270018472101810000042
100000000000000000000009033990000627000000000000000000000000010002020005029810181500000000002            2  01050298101809101800000002216970000000001N011018000000000000000000000000000000000000000000000000000000000000000100005029828885LAURINETE DA CONCEICAO DE NORONHA       RUA MARIA LUCIA DE TOLEDO LEITE MORAES -            04434040                                                            000044
2SR. CAIXA, APOS O VENCIMENTO COBRAR 2% DE MULTA                                 NAO RECEBER APOS 30 DIAS DO VENCIMENTO.                                                                                                                                                                                                         01101800000000000000110180000000000000       0090339900006270050298101815000045
100000000000000000000009033990000627000000000000000000000000010002020027682110181400000000002            2  01276821101811101800000001775780000000001N011018000000000000000000000000000000000000000000000000000000000000000100027682175818ALINE TEIXEIRA                          RUA CRUZEIRO DO SUL - 309 - JARDIM BOM P            06385060                                                            000047
2SR. CAIXA, APOS O VENCIMENTO COBRAR 2% DE MULTA                                 NAO RECEBER APOS 30 DIAS DO VENCIMENTO.                                                                                                                                                                                                         01101800000000000000110180000000000000       0090339900006270276821101814000048
100000000000000000000009033990000627000000000000000000000000010002020013388910181700000000002            2  01133889101811101800000001783660000000001N011018000000000000000000000000000000000000000000000000000000000000000100013388936889NEUTON DE SOUZA RAMOS                   RUA MARIA CRISTINA - 932 - JARDIM CASQUE            11533160                                                            000050
2SR. CAIXA, APOS O VENCIMENTO COBRAR 2% DE MULTA                                 NAO RECEBER APOS 30 DIAS DO VENCIMENTO.                                                                                                                                                                                                         01101800000000000000110180000000000000       0090339900006270133889101817000051
100000000000000000000009033990000627000000000000000000000000010002020012774910181700000000002            2  01127749101811101800000001817130000000001N011018000000000000000000000000000000000000000000000000000000000000000100012774906865JOSE MILTON SANTIAGO                    RUA BATATAIS - 47 - CIDADE ESTELA - POA             08563140                                                            000053
2SR. CAIXA, APOS O VENCIMENTO COBRAR 2% DE MULTA                                 NAO RECEBER APOS 30 DIAS DO VENCIMENTO.                                                                                                                                                                                                         01101800000000000000110180000000000000       0090339900006270127749101817000054
100000000000000000000009033990000627000000000000000000000000010002020016294110181200000000002            2  01162941101809101800000002201060000000001N011018000000000000000000000000000000000000000000000000000000000000000100016294119812JURACY FELIX DE ARRUDA                  RUA CARLOS JOSE BORSTENS - 50 AP.23 - AV            11702750                                                            000056
2SR. CAIXA, APOS O VENCIMENTO COBRAR 2% DE MULTA                                 NAO RECEBER APOS 30 DIAS DO VENCIMENTO.                                                                                                                                                                                                         01101800000000000000110180000000000000       0090339900006270162941101812000057
100000000000000000000009033990000627000000000000000000000000010002020005613810181700000000002            2  01056138101811101800000001671260000000001N011018000000000000000000000000000000000000000000000000000000000000000100005613843805NILZA MARIA DE OLIVEIRA                 RUA JOSE GONCALVES DE FREITAS - 66 C2 -             08210550                                                            000059
2SR. CAIXA, APOS O VENCIMENTO COBRAR 2% DE MULTA                                 NAO RECEBER APOS 30 DIAS DO VENCIMENTO.                                                                                                                                                                                                         01101800000000000000110180000000000000       0090339900006270056138101817000060
100000000000000000000009033990000627000000000000000000000000010002020007574910181700000000002            2  01075749101811101800000001715510000000001N011018000000000000000000000000000000000000000000000000000000000000000100007574936889JORGE LUCIANO PEREIRA BORRIELLO         RUA FABIO DE ALMEIDA MAGALHAES - 179 - J            05135370                                                            000062
2SR. CAIXA, APOS O VENCIMENTO COBRAR 2% DE MULTA                                 NAO RECEBER APOS 30 DIAS DO VENCIMENTO.                                                                                                                                                                                                         01101800000000000000110180000000000000       0090339900006270075749101817000063
100000000000000000000009033990000627000000000000000000000000010002020032408110181P00000000002            2  01324081101811101800000001617380000000001N011018000000000000000000000000000000000000000000000000000000000000000100032408151848DEILSON DO NASCIMENTO CANDIDO DA SILVA  RUA HEREMITA SANTA DO NASCIMENTO - 37 AP            11345340                                                            000065
2SR. CAIXA, APOS O VENCIMENTO COBRAR 2% DE MULTA                                 NAO RECEBER APOS 30 DIAS DO VENCIMENTO.                                                                                                                                                                                                         01101800000000000000110180000000000000       009033990000627032408110181P000066
100000000000000000000009033990000627000000000000000000000000010002020008214910181P00000000002            2  01082149101811101800000001741550000000001N011018000000000000000000000000000000000000000000000000000000000000000100008214973830JAMIL CHALA                             AVENIDA COSTA MACHADO - 291 AP.133-A - C            11700650                                                            000068
2SR. CAIXA, APOS O VENCIMENTO COBRAR 2% DE MULTA                                 NAO RECEBER APOS 30 DIAS DO VENCIMENTO.                                                                                                                                                                                                         01101800000000000000110180000000000000       009033990000627008214910181P000069
100000000000000000000009033990000627000000000000000000000000010002020032495010181700000000002            2  01324950101811101800000001951630000000001N011018000000000000000000000000000000000000000000000000000000000000000100032495004881PAULO EDUARDO DOS SANTOS                RUA REPUBLICA DO IRAQUE - 1119 - CAMPO B            04611002                                                            000071
2SR. CAIXA, APOS O VENCIMENTO COBRAR 2% DE MULTA                                 NAO RECEBER APOS 30 DIAS DO VENCIMENTO.                                                                                                                                                                                                         01101800000000000000110180000000000000       0090339900006270324950101817000072
100000000000000000000009033990000627000000000000000000000000010002020006471810181700000000002            2  01064718101809101800000002167000000000001N011018000000000000000000000000000000000000000000000000000000000000000100006471825803JOSIVALDO BASTOS DE OLIVEIRA            RUA MARIA DIAS HOG - 263 - PARQUE CONTIN            07085035                                                            000074
2SR. CAIXA, APOS O VENCIMENTO COBRAR 2% DE MULTA                                 NAO RECEBER APOS 30 DIAS DO VENCIMENTO.                                                                                                                                                                                                         01101800000000000000110180000000000000       0090339900006270064718101817000075
100000000000000000000009033990000627000000000000000000000000010002020038856810181300000000002            2  01388568101811101800000001809210000000001N011018000000000000000000000000000000000000000000000000000000000000000100038856851830FELIPE BIANCHI DA COSTA FREITAS         AVENIDA ENGENHEIRO ARMANDO DE ARRUDA PER            04325001                                                            000077
2SR. CAIXA, APOS O VENCIMENTO COBRAR 2% DE MULTA                                 NAO RECEBER APOS 30 DIAS DO VENCIMENTO.                                                                                                                                                                                                         01101800000000000000110180000000000000       0090339900006270388568101813000078
100000000000000000000009033990000627000000000000000000000000010002020016498010181400000000002            2  01164980101811101800000001711620000000001N011018000000000000000000000000000000000000000000000000000000000000000100016498053810GILMA CEZARIO GARCIA CORRITORI          RUA LAURENTINO XAVIER DOS SANTOS - 336 -            08240740                                                            000080
2SR. CAIXA, APOS O VENCIMENTO COBRAR 2% DE MULTA                                 NAO RECEBER APOS 30 DIAS DO VENCIMENTO.                                                                                                                                                                                                         01101800000000000000110180000000000000       0090339900006270164980101814000081
100000000000000000000009033990000627000000000000000000000000010002020030098610181700000000002            2  01300986101811101800000001837580000000001N011018000000000000000000000000000000000000000000000000000000000000000100030098603825DEUZIANA MOREIRA DE SA                  RUA JOAO AVELINO PINHO MELLAO - 114 - JA            05659010                                                            000083
2SR. CAIXA, APOS O VENCIMENTO COBRAR 2% DE MULTA                                 NAO RECEBER APOS 30 DIAS DO VENCIMENTO.                                                                                                                                                                                                         01101800000000000000110180000000000000       0090339900006270300986101817000084
100000000000000000000009033990000627000000000000000000000000010002020029339010181300000000002            2  01293390101811101800000001830300000000001N011018000000000000000000000000000000000000000000000000000000000000000100029339051831RONALD DIDOFF                           RUA CORONEL FERREIRA BRAGA - 188 - VILA             03522010                                                            000086
2SR. CAIXA, APOS O VENCIMENTO COBRAR 2% DE MULTA                                 NAO RECEBER APOS 30 DIAS DO VENCIMENTO.                                                                                                                                                                                                         01101800000000000000110180000000000000       0090339900006270293390101813000087
100000000000000000000009033990000627000000000000000000000000010002020017357810181500000000002            2  01173578101811101800000001938440000000001N011018000000000000000000000000000000000000000000000000000000000000000100017357859894MARCIO GUIMARAES                        RUA GENERAL CAMARA - 188 SALA 11 - CENTR            11010120                                                            000089
2SR. CAIXA, APOS O VENCIMENTO COBRAR 2% DE MULTA                                 NAO RECEBER APOS 30 DIAS DO VENCIMENTO.                                                                                                                                                                                                         01101800000000000000110180000000000000       0090339900006270173578101815000090
100000000000000000000009033990000627000000000000000000000000010002020010563010181500000000002            2  01105630101811101800000001987990000000001N011018000000000000000000000000000000000000000000000000000000000000000100010563033878VERA LUCIA RIBEIRO LONGANEZI            RUA DOS CAMARES - 150 AP.24 BL.02 - CARA            02068030                                                            000092
2SR. CAIXA, APOS O VENCIMENTO COBRAR 2% DE MULTA                                 NAO RECEBER APOS 30 DIAS DO VENCIMENTO.                                                                                                                                                                                                         01101800000000000000110180000000000000       0090339900006270105630101815000093
100000000000000000000009033990000627000000000000000000000000010002020005529610181P00000000002            2  01055296101811101800000001804020000000001N011018000000000000000000000000000000000000000000000000000000000000000100005529616801JOAQUIM JORGE DA COSTA                  RUA CONEGO XAVIER - 13 - SACOMA - SAO PA            04231030                                                            000095
2SR. CAIXA, APOS O VENCIMENTO COBRAR 2% DE MULTA                                 NAO RECEBER APOS 30 DIAS DO VENCIMENTO.                                                                                                                                                                                                         01101800000000000000110180000000000000       009033990000627005529610181P000096
100000000000000000000009033990000627000000000000000000000000010002020022014110181400000000002            2  01220141101811101800000001798770000000001N011018000000000000000000000000000000000000000000000000000000000000000100022014140847CAMILA SILVEIRA CANIZARES               AVENIDA PRESIDENTE CASTELO BRANCO - 5.74            11703650                                                            000098
2SR. CAIXA, APOS O VENCIMENTO COBRAR 2% DE MULTA                                 NAO RECEBER APOS 30 DIAS DO VENCIMENTO.                                                                                                                                                                                                         01101800000000000000110180000000000000       0090339900006270220141101814000099
100000000000000000000009033990000627000000000000000000000000010002020015550710181600000000002            2  01155507101809101800000001680450000000001N011018000000000000000000000000000000000000000000000000000000000000000100015550706806MARY MIWA                               RUA CARLOS JOSE BORSTENS - 50 AP.105 - A            11702750                                                            000101
2SR. CAIXA, APOS O VENCIMENTO COBRAR 2% DE MULTA                                 NAO RECEBER APOS 30 DIAS DO VENCIMENTO.                                                                                                                                                                                                         01101800000000000000110180000000000000       0090339900006270155507101816000102
100000000000000000000009033990000627000000000000000000000000010002020015464610181600000000002            2  01154646101811101800000001896450000000001N011018000000000000000000000000000000000000000000000000000000000000000100015464647864SONIA TERESA VOLPATO                    RUA PEDRO BADRA - 51 AP.73 - JABAQUARA -            04348090                                                            000104
2SR. CAIXA, APOS O VENCIMENTO COBRAR 2% DE MULTA                                 NAO RECEBER APOS 30 DIAS DO VENCIMENTO.                                                                                                                                                                                                         01101800000000000000110180000000000000       0090339900006270154646101816000105
100000000000000000000009033990000627000000000000000000000000010002020008657810181500000000002            2  01086578101811101800000001877420000000001N011018000000000000000000000000000000000000000000000000000000000000000100008657886855ARLINDO DA CRUZ                         AVENIDA ARICANDUVA - 8.256 AP.54 BL.10 -            03951220                                                            000107
2SR. CAIXA, APOS O VENCIMENTO COBRAR 2% DE MULTA                                 NAO RECEBER APOS 30 DIAS DO VENCIMENTO.                                                                                                                                                                                                         01101800000000000000110180000000000000       0090339900006270086578101815000108
100000000000000000000009033990000627000000000000000000000000010002020004265710181500000000002            2  01042657101809101800000002476110000000001N011018000000000000000000000000000000000000000000000000000000000000000100004265781713ALEXANDRE CASADO COSTA                  RUA CARLOS JOSE BORSTENS - 50 AP.33 - AV            11702750                                                            000110
2SR. CAIXA, APOS O VENCIMENTO COBRAR 2% DE MULTA                                 NAO RECEBER APOS 30 DIAS DO VENCIMENTO.                                                                                                                                                                                                         01101800000000000000110180000000000000       0090339900006270042657101815000111
100000000000000000000009033990000627000000000000000000000000010002020059735110181300000000002            2  01597351101809101800000001045860000000001N011018000000000000000000000000000000000000000000000000000000000000000100059735180863HELIO JOSE MARQUES                      RUA MARTIM AFONSO DE SOUZA - 1007 AP.102            11702790                                                            000113
2SR. CAIXA, APOS O VENCIMENTO COBRAR 2% DE MULTA                                 NAO RECEBER APOS 30 DIAS DO VENCIMENTO.                                                                                                                                                                                                         01101800000000000000110180000000000000       0090339900006270597351101813000114
100000000000000000000009033990000627000000000000000000000000010002020026347810181700000000002            2  01263478101811101800000002006920000000001N011018000000000000000000000000000000000000000000000000000000000000000100026347872862VALDECI SILVA MEIRELES                  RUA JOSE BATISTA DA SILVA - 292 - JARDIM            06851470                                                            000116
2SR. CAIXA, APOS O VENCIMENTO COBRAR 2% DE MULTA                                 NAO RECEBER APOS 30 DIAS DO VENCIMENTO.                                                                                                                                                                                                         01101800000000000000110180000000000000       0090339900006270263478101817000117
100000000000000000000009033990000627000000000000000000000000010002020025443610181800000000002            2  01254436101809101800000003581810000000001N011018000000000000000000000000000000000000000000000000000000000000000100025443691830SILVANETE PEREIRA CARNELOS              RUA CARLOS JOSE BORSTENS - 50 AP.102 - A            11702750                                                            000119
2SR. CAIXA, APOS O VENCIMENTO COBRAR 2% DE MULTA                                 NAO RECEBER APOS 30 DIAS DO VENCIMENTO.                                                                                                                                                                                                         01101800000000000000110180000000000000       0090339900006270254436101818000120
100000000000000000000009033990000627000000000000000000000000010002020013135210181800000000002            2  01131352101811101800000001843860000000001N011018000000000000000000000000000000000000000000000000000000000000000100013135261859EDUARDO ZANOLA                          RUA ROLANDO PIETRO BONINI - 46 - JARDIM             09781040                                                            000122
2SR. CAIXA, APOS O VENCIMENTO COBRAR 2% DE MULTA                                 NAO RECEBER APOS 30 DIAS DO VENCIMENTO.                                                                                                                                                                                                         01101800000000000000110180000000000000       0090339900006270131352101818000123
100000000000000000000009033990000627000000000000000000000000010002020009797610181900000000002            2  01097976101811101800000001795730000000001N011018000000000000000000000000000000000000000000000000000000000000000100009797626857RICARDO SOBRAL DE OLIVEIRA              RUA 23 DE MAIO - 139 AP.32 - VILA MIRIM             11704690                                                            000125
2SR. CAIXA, APOS O VENCIMENTO COBRAR 2% DE MULTA                                 NAO RECEBER APOS 30 DIAS DO VENCIMENTO.                                                                                                                                                                                                         01101800000000000000110180000000000000       0090339900006270097976101819000126
9                                                                                                                                                                                                                                                                                                                                                                                                         000127