01REMESSA01COBRANCA       00000000000005331186HB SANTOS CONSTRUTORA E INCORP237BRADESCO       080424        MX0000095                                                                                                                                                                                                                                                                                     000001
100000000000000000000009033990000995400000000000000000000000010002020005723204241300000000002            2  01057232042423042400000003325960000000001N080424000000000000000000000000000000000000000000000000000000000000000100005723255843FRANCISCO DE ASSIS DA SILVA             PRACA NICOLAU GERAIGIRE - 25 VISOR - JAR            11095110                                                            000002
2SR. CAIXA, APOS O VENCIMENTO COBRAR 2% DE MULTA                                 NAO RECEBER APOS 30 DIAS DO VENCIMENTO.                                                                                                                                                                                                         08042400000000000000804240000000000000       0090339900009954057232042413000003
100000000000000000000009033990000995400000000000000000000000010002020032589104241700000000002            2  01325891042423042400000003147030000000001N080424000000000000000000000000000000000000000000000000000000000000000100032589165862RENATA ISABEL MARTINS SILVA             RUA HERCULANO DE FREITAS - 257 - FUNDACA            09520280                                                            000005
2SR. CAIXA, APOS O VENCIMENTO COBRAR 2% DE MULTA                                 NAO RECEBER APOS 30 DIAS DO VENCIMENTO.                                                                                                                                                                                                         08042400000000000000804240000000000000       0090339900009954325891042417000006
100000000000000000000009033990000995400000000000000000000000010002020046391204241600000000002            2  01463912042423042400000003300060000000001N080424000000000000000000000000000000000000000000000000000000000000000100046391265810PAMELLA RODRIGUES DE OLIVEIRA           RUA AUGUSTA - 183 AP.301 BL.2A - VILA AU            07025130                                                            000008
2SR. CAIXA, APOS O VENCIMENTO COBRAR 2% DE MULTA                                 NAO RECEBER APOS 30 DIAS DO VENCIMENTO.                                                                                                                                                                                                         08042400000000000000804240000000000000       0090339900009954463912042416000009
100000000000000000000009033990000995400000000000000000000000010002020027964504241400000000002            2  01279645042423042400000003278880000000001N080424000000000000000000000000000000000000000000000000000000000000000100027964512838FABIO TADEU DE CAMPOS RADZIAVICIUS      RUA URUGUAI - 89 AP.94 - JARDIM GUILHERM            11702300                                                            000011
2SR. CAIXA, APOS O VENCIMENTO COBRAR 2% DE MULTA                                 NAO RECEBER APOS 30 DIAS DO VENCIMENTO.                                                                                                                                                                                                         08042400000000000000804240000000000000       0090339900009954279645042414000012
100000000000000000000009033990000995400000000000000000000000010002020011498304241200000000002            2  01114983042423042400000002456610000000001N080424000000000000000000000000000000000000000000000000000000000000000100011498329837GERSON GERALDO DAS NEVES                RUA DOMINGOS DELGADO - 144 - VILA SOUZA             02881070                                                            000014
2SR. CAIXA, APOS O VENCIMENTO COBRAR 2% DE MULTA                                 NAO RECEBER APOS 30 DIAS DO VENCIMENTO.                                                                                                                                                                                                         08042400000000000000804240000000000000       0090339900009954114983042412000015
100000000000000000000009033990000995400000000000000000000000010002020025214404241900000000002            2  01252144042423042400000002907860000000001N080424000000000000000000000000000000000000000000000000000000000000000100025214401833JOSE MAURICIO DOS SANTOS RODRIGUES      RUA JOAO DE MACEDO RIBEIRO - 49 - VILA N            08111101                                                            000017
2SR. CAIXA, APOS O VENCIMENTO COBRAR 2% DE MULTA                                 NAO RECEBER APOS 30 DIAS DO VENCIMENTO.                                                                                                                                                                                                         08042400000000000000804240000000000000       0090339900009954252144042419000018
100000000000000000000009033990000995400000000000000000000000010002020033119104241600000000002            2  01331191042423042400000002920170000000001N080424000000000000000000000000000000000000000000000000000000000000000100033119178802HUGO GOMES VENDRAME                     RUA URUGUAI - 89 AP.52 - JARDIM GUILHERM            11702300                                                            000020
2SR. CAIXA, APOS O VENCIMENTO COBRAR 2% DE MULTA                                 NAO RECEBER APOS 30 DIAS DO VENCIMENTO.                                                                                                                                                                                                         08042400000000000000804240000000000000       0090339900009954331191042416000021
100000000000000000000009033990000995400000000000000000000000010002020016631504241900000000002            2  01166315042423042400000002971130000000001N080424000000000000000000000000000000000000000000000000000000000000000100016631587468GILBERTO BEZERRA DA SILVA               AVENIDA JAIME TORRES - 745 CASA 3 - JARD            03670000                                                            000023
2SR. CAIXA, APOS O VENCIMENTO COBRAR 2% DE MULTA                                 NAO RECEBER APOS 30 DIAS DO VENCIMENTO.                                                                                                                                                                                                         08042400000000000000804240000000000000       0090339900009954166315042419000024
100000000000000000000009033990000995400000000000000000000000010002020007313204241100000000002            2  01073132042423042400000002950050000000001N080424000000000000000000000000000000000000000000000000000000000000000100007313251840SALVADOR GESUALDO PULVIRENTI            AVENIDA MARARI - 641 - VILA MARARI - SAO            04402010                                                            000026
2SR. CAIXA, APOS O VENCIMENTO COBRAR 2% DE MULTA                                 NAO RECEBER APOS 30 DIAS DO VENCIMENTO.                                                                                                                                                                                                         08042400000000000000804240000000000000       0090339900009954073132042411000027
100000000000000000000009033990000995400000000000000000000000010002020010676704241300000000002            2  01106767042423042400000003079130000000001N080424000000000000000000000000000000000000000000000000000000000000000100010676723896MERCEDES CRISTINA ROCHA SANDOVAL        RUA URUGUAI - 89 AP.83 - JARDIM GUILHERM            11702300                                                            000029
2SR. CAIXA, APOS O VENCIMENTO COBRAR 2% DE MULTA                                 NAO RECEBER APOS 30 DIAS DO VENCIMENTO.                                                                                                                                                                                                         08042400000000000000804240000000000000       0090339900009954106767042413000030
100000000000000000000009033990000995400000000000000000000000010002020009502804241100000000002            2  01095028042423042400000003215640000000001N080424000000000000000000000000000000000000000000000000000000000000000100009502844831CLAUDIA ROCHA SANDOVAL                  RUA URUGUAI - 89 AP.64 - JARDIM GUILHERM            11702300                                                            000032
2SR. CAIXA, APOS O VENCIMENTO COBRAR 2% DE MULTA                                 NAO RECEBER APOS 30 DIAS DO VENCIMENTO.                                                                                                                                                                                                         08042400000000000000804240000000000000       0090339900009954095028042411000033
100000000000000000000009033990000995400000000000000000000000010002020007594204241000000000002            2  01075942042423042400000002886780000000001N080424000000000000000000000000000000000000000000000000000000000000000100007594247809JOSE LUIS DE OLIVEIRA                   DONA EGLANTINA PENTEADO DA SILVA PRADO -            13044162                                                            000035
2SR. CAIXA, APOS O VENCIMENTO COBRAR 2% DE MULTA                                 NAO RECEBER APOS 30 DIAS DO VENCIMENTO.                                                                                                                                                                                                         08042400000000000000804240000000000000       0090339900009954075942042410000036
100000000000000000000009033990000995400000000000000000000000010002020005288704241400000000002            2  01052887042423042400000002973670000000001N080424000000000000000000000000000000000000000000000000000000000000000100005288796858MARCELO RODRIGUES FERREIRA              RUA MARCOS ANTONIO MARQUES - 302 - JARDI            06433020                                                            000038
2SR. CAIXA, APOS O VENCIMENTO COBRAR 2% DE MULTA                                 NAO RECEBER APOS 30 DIAS DO VENCIMENTO.                                                                                                                                                                                                         08042400000000000000804240000000000000       0090339900009954052887042414000039
100000000000000000000009033990000995400000000000000000000000010002020015835904241300000000002            2  01158359042423042400000003096640000000001N080424000000000000000000000000000000000000000000000000000000000000000100015835992823FLAVIO VERONEZ                          RUA ANDREA PAULINETTI - 127 AP.42 - BAIR            04707050                                                            000041
2SR. CAIXA, APOS O VENCIMENTO COBRAR 2% DE MULTA                                 NAO RECEBER APOS 30 DIAS DO VENCIMENTO.                                                                                                                                                                                                         08042400000000000000804240000000000000       0090339900009954158359042413000042
100000000000000000000009033990000995400000000000000000000000010002020000438104241100000000002            2  01004381042423042400000003495260000000001N080424000000000000000000000000000000000000000000000000000000000000000100000438161858WAGNECY VILLA NOVA LIEN                 RUA PROFESSOR FERREIRA PAULINO - 233 AP.            07025020                                                            000044
2SR. CAIXA, APOS O VENCIMENTO COBRAR 2% DE MULTA                                 NAO RECEBER APOS 30 DIAS DO VENCIMENTO.                                                                                                                                                                                                         08042400000000000000804240000000000000       0090339900009954004381042411000045
100000000000000000000009033990000995400000000000000000000000010002020026004504241800000000002            2  01260045042423042400000003096680000000001N080424000000000000000000000000000000000000000000000000000000000000000100026004595888EDIVALDO BEZERRA DA SILVA               AVENIDA GUATEMALA - 550 - JARDIM PINHEIR            09854750                                                            000047
2SR. CAIXA, APOS O VENCIMENTO COBRAR 2% DE MULTA                                 NAO RECEBER APOS 30 DIAS DO VENCIMENTO.                                                                                                                                                                                                         08042400000000000000804240000000000000       0090339900009954260045042418000048
100000000000000000000009033990000995400000000000000000000000010002020012470704241200000000002            2  01124707042423042400000003303950000000001N080424000000000000000000000000000000000000000000000000000000000000000100012470771870HILTON FERNANDES OLIVARES               RUA PATIO DA ESTACAO - 115 - BAIRRO CENT            09450000                                                            000050
2SR. CAIXA, APOS O VENCIMENTO COBRAR 2% DE MULTA                                 NAO RECEBER APOS 30 DIAS DO VENCIMENTO.                                                                                                                                                                                                         08042400000000000000804240000000000000       0090339900009954124707042412000051
100000000000000000000009033990000995400000000000000000000000010002020014025404241100000000002            2  01140254042423042400000003622680000000001N080424000000000000000000000000000000000000000000000000000000000000000100014025420899ANDREIA APARECIDA TAVARES BASTOS        RUA IBATIBA - 234 CASA 27 - RES.BOUGANVI            09220608                                                            000053
2SR. CAIXA, APOS O VENCIMENTO COBRAR 2% DE MULTA                                 NAO RECEBER APOS 30 DIAS DO VENCIMENTO.                                                                                                                                                                                                         08042400000000000000804240000000000000       0090339900009954140254042411000054
100000000000000000000009033990000995400000000000000000000000010002020088578704241900000000002            2  01885787042423042400000002699700000000001N080424000000000000000000000000000000000000000000000000000000000000000100088578704800GILBERTO DO ESPIRITO SANTO SILVA        RUA URUGUAI - 89 AP.23 - JARDIM GUILHERM            11702300                                                            000056
2SR. CAIXA, APOS O VENCIMENTO COBRAR 2% DE MULTA                                 NAO RECEBER APOS 30 DIAS DO VENCIMENTO.                                                                                                                                                                                                         08042400000000000000804240000000000000       0090339900009954885787042419000057
100000000000000000000009033990000995400000000000000000000000010002020020792704241600000000002            2  01207927042423042400000003347350000000001N080424000000000000000000000000000000000000000000000000000000000000000120792791000147TROVAO COMERCIO DE ALIMENTOS LTDA-ME    RUA QUINTA DA MAGNOLIA - 67 - JARDIM IPA            03582100                                                            000059
2SR. CAIXA, APOS O VENCIMENTO COBRAR 2% DE MULTA                                 NAO RECEBER APOS 30 DIAS DO VENCIMENTO.                                                                                                                                                                                                         08042400000000000000804240000000000000       0090339900009954207927042416000060
100000000000000000000009033990000995400000000000000000000000010002020007648104241P00000000002            2  01076481042423042400000003143140000000001N080424000000000000000000000000000000000000000000000000000000000000000100007648112825MARA REGINA CAPRIO                      RUA DA TRINDADE - 790 - VILA IDEAL - SAO            15060280                                                            000062
2SR. CAIXA, APOS O VENCIMENTO COBRAR 2% DE MULTA                                 NAO RECEBER APOS 30 DIAS DO VENCIMENTO.                                                                                                                                                                                                         08042400000000000000804240000000000000       009033990000995407648104241P000063
100000000000000000000009033990000995400000000000000000000000010002020031157404241900000000002            2  01311574042423042400000003374990000000001N080424000000000000000000000000000000000000000000000000000000000000000100031157420885TALITA ANICHIARICO COSSI                RUA CNEO POMPEO DE CAMARGO - 817 - JARDI            13060150                                                            000065
2SR. CAIXA, APOS O VENCIMENTO COBRAR 2% DE MULTA                                 NAO RECEBER APOS 30 DIAS DO VENCIMENTO.                                                                                                                                                                                                         08042400000000000000804240000000000000       0090339900009954311574042419000066
100000000000000000000009033990000995400000000000000000000000010002020035572504241300000000002            2  01355725042423042400000003588360000000001N080424000000000000000000000000000000000000000000000000000000000000000100035572536865MARIA SIMONE SANTOS                     RUA JOSE PEZZOLO - 68 - VILA ELDIZIA - S            09181660                                                            000068
2SR. CAIXA, APOS O VENCIMENTO COBRAR 2% DE MULTA                                 NAO RECEBER APOS 30 DIAS DO VENCIMENTO.                                                                                                                                                                                                         08042400000000000000804240000000000000       0090339900009954355725042413000069
100000000000000000000009033990000995400000000000000000000000010002020008800304241000000000002            2  01088003042423042400000003269480000000001N080424000000000000000000000000000000000000000000000000000000000000000100008800368425INGO DIMITRI PEREIRA DA NOBREGA         RUA PROFESSOR MENDES PIMENTEL - 362 - JA            03973010                                                            000071
2SR. CAIXA, APOS O VENCIMENTO COBRAR 2% DE MULTA                                 NAO RECEBER APOS 30 DIAS DO VENCIMENTO.                                                                                                                                                                                                         08042400000000000000804240000000000000       0090339900009954088003042410000072
100000000000000000000009033990000995400000000000000000000000010002020005054104241500000000002            2  01050541042423042400000003164020000000001N080424000000000000000000000000000000000000000000000000000000000000000100005054169806PAULO ROBERTO DE MATTOS                 JARDIM BOTANICO - 849 - DISTRITO DE SOUS            13106258                                                            000074
2SR. CAIXA, APOS O VENCIMENTO COBRAR 2% DE MULTA                                 NAO RECEBER APOS 30 DIAS DO VENCIMENTO.                                                                                                                                                                                                         08042400000000000000804240000000000000       0090339900009954050541042415000075
100000000000000000000009033990000995400000000000000000000000010002020007552104241100000000002            2  01075521042423042400000003164020000000001N080424000000000000000000000000000000000000000000000000000000000000000100007552151846MAURO BORDONI                           AVENIDA DR. AUGUSTO DE TOLEDO - 769 AP.6            09540080                                                            000077
2SR. CAIXA, APOS O VENCIMENTO COBRAR 2% DE MULTA                                 NAO RECEBER APOS 30 DIAS DO VENCIMENTO.                                                                                                                                                                                                         08042400000000000000804240000000000000       0090339900009954075521042411000078
100000000000000000000009033990000995400000000000000000000000010002020012744204241400000000002            2  01127442042423042400000003520440000000001N080424000000000000000000000000000000000000000000000000000000000000000100012744201804ADAIL JOSE DE SOUSA                     RUA ROSARIA - 303 - BAIRRO SACADURA CABR            09061080                                                            000080
2SR. CAIXA, APOS O VENCIMENTO COBRAR 2% DE MULTA                                 NAO RECEBER APOS 30 DIAS DO VENCIMENTO.                                                                                                                                                                                                         08042400000000000000804240000000000000       0090339900009954127442042414000081
100000000000000000000009033990000995400000000000000000000000010002020068320604241100000000002            2  01683206042423042400000012467570000000001N080424000000000000000000000000000000000000000000000000000000000000000100068320663849ANTONIO CAVALCANTE LIMA                 RUA AMAZONAS - 1188 - CENTRO - SAO CAETA            09540201                                                            000083
2SR. CAIXA, APOS O VENCIMENTO COBRAR 2% DE MULTA                                 NAO RECEBER APOS 30 DIAS DO VENCIMENTO.                                                                                                                                                                                                         08042400000000000000804240000000000000       0090339900009954683206042411000084
100000000000000000000009033990000995400000000000000000000000010002020088926204241300000000002            2  01889262042423042400000002619140000000001N080424000000000000000000000000000000000000000000000000000000000000000100088926230872VALDEMAR LATANCE FILHO                  RUA MELO PINTO DA SILVA - 111 CASA 103 -            18116265                                                            000086
2SR. CAIXA, APOS O VENCIMENTO COBRAR 2% DE MULTA                                 NAO RECEBER APOS 30 DIAS DO VENCIMENTO.                                                                                                                                                                                                         08042400000000000000804240000000000000       0090339900009954889262042413000087
9                                                                                                                                                                                                                                                                                                                                                                                                         000088