01REMESSA01COBRANCA       00000000000005316116AIRES CONSTRUTORA E INCORPORAD237BRADESCO       070623        MX0000220                                                                                                                                                                                                                                                                                     000001
100000000000000000000009002800441612000000000000000000000000010002100001204406231400000000002            2  01012044062325062300000003733290000000001N060623000000000000000000000000000000000000000000000000000000000000000100001204431809CEZAR TALAVERA JUNIOR                   RUA MAESTRO ARTURO DE ANGELIS  - 190 AP.            05139010                                                            000002
2SR. CAIXA, APOS O VENCIMENTO COBRAR 10% DE MULTA                                NAO RECEBER APOS 30 DIAS DO VENCIMENTO.                                                                                                                                                                                                         07062300000000000000706230000000000000       0090028004416120012044062314000003
100000000000000000000009002800441612000000000000000000000000010002100018470506231100000000002            2  01184705062325062300000005575630000000001N060623000000000000000000000000000000000000000000000000000000000000000100018470520881SILVANA ALVES DE OLIVEIRA               RUA MONTE CASTELO - 262 AP.91 - AVIACAO             11702720                                                            000005
2SR. CAIXA, APOS O VENCIMENTO COBRAR 10% DE MULTA                                NAO RECEBER APOS 30 DIAS DO VENCIMENTO.                                                                                                                                                                                                         07062300000000000000706230000000000000       0090028004416120184705062311000006
100000000000000000000009002800441612000000000000000000000000010002100009297506231100000000002            2  01092975062325062300000003881670000000001N060623000000000000000000000000000000000000000000000000000000000000000100009297523846MARCOS ROBERTO DE CASTRO FERREIRA       RUA MONTE CASTELO - 262 AP.105 - AVIACAO            11702720                                                            000008
2SR. CAIXA, APOS O VENCIMENTO COBRAR 10% DE MULTA                                NAO RECEBER APOS 30 DIAS DO VENCIMENTO.                                                                                                                                                                                                         07062300000000000000706230000000000000       0090028004416120092975062311000009
100000000000000000000009002800441612000000000000000000000000010002100001164106231000000000002            2  01011641062325062300000004810280000000001N060623000000000000000000000000000000000000000000000000000000000000000100001164158864DAVID BLEY LACERDA                      RUA CONEGO ARAUJO MARCONDES - 188 - BAIR            02550080                                                            000011
2SR. CAIXA, APOS O VENCIMENTO COBRAR 10% DE MULTA                                NAO RECEBER APOS 30 DIAS DO VENCIMENTO.                                                                                                                                                                                                         07062300000000000000706230000000000000       0090028004416120011641062310000012
100000000000000000000009002800441612000000000000000000000000010002100031498006231400000000002            2  01314980062325062300000005846220000000001N060623000000000000000000000000000000000000000000000000000000000000000100031498008895POLIANE  SIBELE DA SILVA                PRACA GENERAL COSTA BARRETO - 56 AP.181             03325070                                                            000014
2SR. CAIXA, APOS O VENCIMENTO COBRAR 10% DE MULTA                                NAO RECEBER APOS 30 DIAS DO VENCIMENTO.                                                                                                                                                                                                         07062300000000000000706230000000000000       0090028004416120314980062314000015
100000000000000000000009002800441612000000000000000000000000010002100014386806231000000000002            2  01143868062325062300000002743000000000001N060623000000000000000000000000000000000000000000000000000000000000000100014386860134SEVERINO CARLOS DE OLIVEIRA             RUA MONTE CASTELO - 262 AP.54 - AVIACAO             11702720                                                            000017
2SR. CAIXA, APOS O VENCIMENTO COBRAR 10% DE MULTA                                NAO RECEBER APOS 30 DIAS DO VENCIMENTO.                                                                                                                                                                                                         07062300000000000000706230000000000000       0090028004416120143868062310000018
100000000000000000000009002800441612000000000000000000000000010002100039393706231600000000002            2  01393937062325062300000001890540000000001N060623000000000000000000000000000000000000000000000000000000000000000100039393790850NAIRON RICARDO DE ARAUJO SANTOS         RUA NITEROI - 267 CASA 04 - JARDIM INDEP            11380350                                                            000020
2SR. CAIXA, APOS O VENCIMENTO COBRAR 10% DE MULTA                                NAO RECEBER APOS 30 DIAS DO VENCIMENTO.                                                                                                                                                                                                         07062300000000000000706230000000000000       0090028004416120393937062316000021
100000000000000000000009002800441612000000000000000000000000010002100019288706231400000000002            2  01192887062325062300000002546020000000001N060623000000000000000000000000000000000000000000000000000000000000000100019288787844EMERSON LUIZ MARTINEZ PEREIRA           RUA MONTE CASTELO - 296 AP.74 - AVIACAO             11702720                                                            000023
2SR. CAIXA, APOS O VENCIMENTO COBRAR 10% DE MULTA                                NAO RECEBER APOS 30 DIAS DO VENCIMENTO.                                                                                                                                                                                                         07062300000000000000706230000000000000       0090028004416120192887062314000024
9                                                                                                                                                                                                                                                                                                                                                                                                         000025