01REMESSA01COBRANCA       00000000000008017025HB SANTOS CONSTRUTORA E INCORP237BRADESCO       110919        MX0000087                                                                                                                                                                                                                                                                                     000001
100000000000000000000009033990000627000000000000000000000000010002020025035109191500000000002            2  01250351091924091900000002106950000000001N090919000000000000000000000000000000000000000000000000000000000000000100025035170802WANDERSON LUIS DE CARVALHO              RUA JOAQUIM GONCALVES ROCHA - 302 - JARD            02859030                                                            000002
2SR. CAIXA, APOS O VENCIMENTO COBRAR 2% DE MULTA                                 NAO RECEBER APOS 30 DIAS DO VENCIMENTO.                                                                                                                                                                                                         11091900000000000001109190000000000000       0090339900006270250351091915000003
100000000000000000000009033990000627000000000000000000000000010002020007294309191200000000002            2  01072943091924091900000002833890000000001N090919000000000000000000000000000000000000000000000000000000000000000100007294351805CLAUDENIR APARECIDO VACARI              RUA CARLOS JOSE BORSTENS - 50 AP.93 - AV            11702750                                                            000005
2SR. CAIXA, APOS O VENCIMENTO COBRAR 2% DE MULTA                                 NAO RECEBER APOS 30 DIAS DO VENCIMENTO.                                                                                                                                                                                                         11091900000000000001109190000000000000       0090339900006270072943091912000006
100000000000000000000009033990000627000000000000000000000000010002020042976109191200000000002            2  01429761091924091900000002863630000000001N090919000000000000000000000000000000000000000000000000000000000000000100042976111634ACACIO TOSCANO BONDANCA                 RUA COMENDADOR JACOMO ANTONIO LA SELVA -            12946797                                                            000008
2SR. CAIXA, APOS O VENCIMENTO COBRAR 2% DE MULTA                                 NAO RECEBER APOS 30 DIAS DO VENCIMENTO.                                                                                                                                                                                                         11091900000000000001109190000000000000       0090339900006270429761091912000009
100000000000000000000009033990000627000000000000000000000000010002020035438009191600000000002            2  01354380091924091900000002418470000000001N090919000000000000000000000000000000000000000000000000000000000000000100035438022836ALESSANDRO FARACO DOS SANTOS            RUA PEDRO POMAR  - 145 - JARDIM ELISA MA            02875020                                                            000011
2SR. CAIXA, APOS O VENCIMENTO COBRAR 2% DE MULTA                                 NAO RECEBER APOS 30 DIAS DO VENCIMENTO.                                                                                                                                                                                                         11091900000000000001109190000000000000       0090339900006270354380091916000012
100000000000000000000009033990000627000000000000000000000000010002020007525009191800000000002            2  01075250091924091900000003169820000000001N090919000000000000000000000000000000000000000000000000000000000000000100007525032866FERNANDO RIBEIRO                        RUA CARLOS JOSE BORSTENS - 50 AP.32 - AV            11702750                                                            000014
2SR. CAIXA, APOS O VENCIMENTO COBRAR 2% DE MULTA                                 NAO RECEBER APOS 30 DIAS DO VENCIMENTO.                                                                                                                                                                                                         11091900000000000001109190000000000000       0090339900006270075250091918000015
100000000000000000000009033990000627000000000000000000000000010002020005071409191300000000002            2  01050714091924091900000002780530000000001N090919000000000000000000000000000000000000000000000000000000000000000100005071481855ERIBALDO SANTANA CARVALHO               RUA HONDURAS - 477 - PARQUE DAS AMERICAS            09351070                                                            000017
2SR. CAIXA, APOS O VENCIMENTO COBRAR 2% DE MULTA                                 NAO RECEBER APOS 30 DIAS DO VENCIMENTO.                                                                                                                                                                                                         11091900000000000001109190000000000000       0090339900006270050714091913000018
100000000000000000000009033990000627000000000000000000000000010002020002841709191700000000002            2  01028417091924091900000002601460000000001N090919000000000000000000000000000000000000000000000000000000000000000100002841756416LUCIANA PINHEIRO DE ASSIS NUNES         RUA RIO ACIMA - 81 - RIACHO GRANDE - SAO            09830100                                                            000020
2SR. CAIXA, APOS O VENCIMENTO COBRAR 2% DE MULTA                                 NAO RECEBER APOS 30 DIAS DO VENCIMENTO.                                                                                                                                                                                                         11091900000000000001109190000000000000       0090339900006270028417091917000021
100000000000000000000009033990000627000000000000000000000000010002020084302009191600000000002            2  01843020091924091900000002613930000000001N090919000000000000000000000000000000000000000000000000000000000000000100084302097868FAUSTO TADEU VILOR                      RUA ANTONIO TAVARES - 466 - BAIRRO CAMBU            01542010                                                            000023
2SR. CAIXA, APOS O VENCIMENTO COBRAR 2% DE MULTA                                 NAO RECEBER APOS 30 DIAS DO VENCIMENTO.                                                                                                                                                                                                         11091900000000000001109190000000000000       0090339900006270843020091916000024
100000000000000000000009033990000627000000000000000000000000010002020028804209191600000000002            2  01288042091924091900000002568200000000001N090919000000000000000000000000000000000000000000000000000000000000000100028804202882GILBERTO FABIANO CABRAL DE CAMARGO      RUA CARLOS JOSE BORSTENS - 50 AP.44 - AV            11702750                                                            000026
2SR. CAIXA, APOS O VENCIMENTO COBRAR 2% DE MULTA                                 NAO RECEBER APOS 30 DIAS DO VENCIMENTO.                                                                                                                                                                                                         11091900000000000001109190000000000000       0090339900006270288042091916000027
100000000000000000000009033990000627000000000000000000000000010002020000991709191900000000002            2  01009917091924091900000002506660000000001N090919000000000000000000000000000000000000000000000000000000000000000100000991748808JAILSON BORGES DE ANDRADE               RUA IPIOBUNA - 45 - JARDIM CUMBICA - GUA            07240040                                                            000029
2SR. CAIXA, APOS O VENCIMENTO COBRAR 2% DE MULTA                                 NAO RECEBER APOS 30 DIAS DO VENCIMENTO.                                                                                                                                                                                                         11091900000000000001109190000000000000       0090339900006270009917091919000030
100000000000000000000009033990000627000000000000000000000000010002020092180209191600000000002            2  01921802091924091900000003417530000000001N090919000000000000000000000000000000000000000000000000000000000000000100092180299834LUIS ROBERTO DE SA DUARTE               RUA TEBAS - 296 AP.84 BLOCO 2 CE - JARDI            04634031                                                            000032
2SR. CAIXA, APOS O VENCIMENTO COBRAR 2% DE MULTA                                 NAO RECEBER APOS 30 DIAS DO VENCIMENTO.                                                                                                                                                                                                         11091900000000000001109190000000000000       0090339900006270921802091916000033
100000000000000000000009033990000627000000000000000000000000010002020092180209192400000000002            2  01921802091930091900000003417480000000001N100919000000000000000000000000000000000000000000000000000000000000000100092180299834LUIS ROBERTO DE SA DUARTE               RUA TEBAS - 296 AP.84 BLOCO 2 CE - JARDI            04634031                                                            000035
2SR. CAIXA, APOS O VENCIMENTO COBRAR 2% DE MULTA                                 NAO RECEBER APOS 30 DIAS DO VENCIMENTO.                                                                                                                                                                                                         11091900000000000001109190000000000000       0090339900006270921802091924000036
100000000000000000000009033990000627000000000000000000000000010002020092180209193200000000002            2  01921802091930091900000003417490000000001N100919000000000000000000000000000000000000000000000000000000000000000100092180299834LUIS ROBERTO DE SA DUARTE               RUA TEBAS - 296 AP.84 BLOCO 2 CE - JARDI            04634031                                                            000038
2SR. CAIXA, APOS O VENCIMENTO COBRAR 2% DE MULTA                                 NAO RECEBER APOS 30 DIAS DO VENCIMENTO.                                                                                                                                                                                                         11091900000000000001109190000000000000       0090339900006270921802091932000039
100000000000000000000009033990000627000000000000000000000000010002020092180209194000000000002            2  01921802091930091900000003417500000000001N100919000000000000000000000000000000000000000000000000000000000000000100092180299834LUIS ROBERTO DE SA DUARTE               RUA TEBAS - 296 AP.84 BLOCO 2 CE - JARDI            04634031                                                            000041
2SR. CAIXA, APOS O VENCIMENTO COBRAR 2% DE MULTA                                 NAO RECEBER APOS 30 DIAS DO VENCIMENTO.                                                                                                                                                                                                         11091900000000000001109190000000000000       0090339900006270921802091940000042
100000000000000000000009033990000627000000000000000000000000010002020092180209195900000000002            2  01921802091930091900000003417510000000001N100919000000000000000000000000000000000000000000000000000000000000000100092180299834LUIS ROBERTO DE SA DUARTE               RUA TEBAS - 296 AP.84 BLOCO 2 CE - JARDI            04634031                                                            000044
2SR. CAIXA, APOS O VENCIMENTO COBRAR 2% DE MULTA                                 NAO RECEBER APOS 30 DIAS DO VENCIMENTO.                                                                                                                                                                                                         11091900000000000001109190000000000000       0090339900006270921802091959000045
100000000000000000000009033990000627000000000000000000000000010002020092180209196700000000002            2  01921802091930091900000003417520000000001N100919000000000000000000000000000000000000000000000000000000000000000100092180299834LUIS ROBERTO DE SA DUARTE               RUA TEBAS - 296 AP.84 BLOCO 2 CE - JARDI            04634031                                                            000047
2SR. CAIXA, APOS O VENCIMENTO COBRAR 2% DE MULTA                                 NAO RECEBER APOS 30 DIAS DO VENCIMENTO.                                                                                                                                                                                                         11091900000000000001109190000000000000       0090339900006270921802091967000048
100000000000000000000009033990000627000000000000000000000000010002020022151609191500000000002            2  01221516091924091900000002492130000000001N090919000000000000000000000000000000000000000000000000000000000000000100022151666816SAMIR LIMA DE ARAUJO                    AVENIDA GUARAPIRANGA - 2616 AP.42 BLOCO1            04902005                                                            000050
2SR. CAIXA, APOS O VENCIMENTO COBRAR 2% DE MULTA                                 NAO RECEBER APOS 30 DIAS DO VENCIMENTO.                                                                                                                                                                                                         11091900000000000001109190000000000000       0090339900006270221516091915000051
100000000000000000000009033990000627000000000000000000000000010002020022313109191700000000002            2  01223131091926091900000001917030000000001N090919000000000000000000000000000000000000000000000000000000000000000100022313116824ROSA MARIA BRITO DA SILVA               RUA SERVIDAO DE SAO MARCOS - 113 - JARDI            04930300                                                            000053
2SR. CAIXA, APOS O VENCIMENTO COBRAR 2% DE MULTA                                 NAO RECEBER APOS 30 DIAS DO VENCIMENTO.                                                                                                                                                                                                         11091900000000000001109190000000000000       0090339900006270223131091917000054
100000000000000000000009033990000627000000000000000000000000010002020027538009191900000000002            2  01275380091926091900000001923710000000001N090919000000000000000000000000000000000000000000000000000000000000000100027538087249MARA LUCIA MENEZES DA COSTA             RUA LEILA  - 183 - ITAQUERA - SAO PAULO             08240020                                                            000056
2SR. CAIXA, APOS O VENCIMENTO COBRAR 2% DE MULTA                                 NAO RECEBER APOS 30 DIAS DO VENCIMENTO.                                                                                                                                                                                                         11091900000000000001109190000000000000       0090339900006270275380091919000057
100000000000000000000009033990000627000000000000000000000000010002020031278409191500000000002            2  01312784091924091900000002407450000000001N090919000000000000000000000000000000000000000000000000000000000000000100031278411836JEFFERSON DE PIERI PIRES ZAMUNER        RUA MANOEL ARCE - 277 - PARQUE BANCARIO             03922150                                                            000059
2SR. CAIXA, APOS O VENCIMENTO COBRAR 2% DE MULTA                                 NAO RECEBER APOS 30 DIAS DO VENCIMENTO.                                                                                                                                                                                                         11091900000000000001109190000000000000       0090339900006270312784091915000060
100000000000000000000009033990000627000000000000000000000000010002020019185709191700000000002            2  01191857091926091900000001750610000000001N090919000000000000000000000000000000000000000000000000000000000000000100019185769800AGUINALDO PESSOA DE LIMA                RUA JANUARIO ZINGARO - 252 AP.303 BL.04             05794300                                                            000062
2SR. CAIXA, APOS O VENCIMENTO COBRAR 2% DE MULTA                                 NAO RECEBER APOS 30 DIAS DO VENCIMENTO.                                                                                                                                                                                                         11091900000000000001109190000000000000       0090339900006270191857091917000063
100000000000000000000009033990000627000000000000000000000000010002020033303609191800000000002            2  01333036091926091900000001885580000000001N090919000000000000000000000000000000000000000000000000000000000000000100033303645809JESSICA DA SILVA FREITAS                RUA ARILDO VALADAO - 120 - JARDIM GUAEMB            04814600                                                            000065
2SR. CAIXA, APOS O VENCIMENTO COBRAR 2% DE MULTA                                 NAO RECEBER APOS 30 DIAS DO VENCIMENTO.                                                                                                                                                                                                         11091900000000000001109190000000000000       0090339900006270333036091918000066
100000000000000000000009033990000627000000000000000000000000010002020004824409191700000000002            2  01048244091926091900000001900490000000001N090919000000000000000000000000000000000000000000000000000000000000000100004824443806ROSIMEIRE CLARA FERREIRA REZENDE        RUA JOSE CALIXTO DO CARMO - 286 AP.43 -             11702690                                                            000068
2SR. CAIXA, APOS O VENCIMENTO COBRAR 2% DE MULTA                                 NAO RECEBER APOS 30 DIAS DO VENCIMENTO.                                                                                                                                                                                                         11091900000000000001109190000000000000       0090339900006270048244091917000069
100000000000000000000009033990000627000000000000000000000000010002020006422609191300000000002            2  01064226091924091900000002607330000000001N090919000000000000000000000000000000000000000000000000000000000000000100006422607881GERALDO ALVES DA SILVA                  RUA CARLOS JOSE BORSTENS - 50 AP.14 - AV            11702750                                                            000071
2SR. CAIXA, APOS O VENCIMENTO COBRAR 2% DE MULTA                                 NAO RECEBER APOS 30 DIAS DO VENCIMENTO.                                                                                                                                                                                                         11091900000000000001109190000000000000       0090339900006270064226091913000072
100000000000000000000009033990000627000000000000000000000000010002020033877109191500000000002            2  01338771091926091900000001767780000000001N090919000000000000000000000000000000000000000000000000000000000000000100033877129870HELDER FERREIRA VIANA                   RUA JOSE CALIXTO DO CARMO - 286 AP.35 -             11702690                                                            000074
2SR. CAIXA, APOS O VENCIMENTO COBRAR 2% DE MULTA                                 NAO RECEBER APOS 30 DIAS DO VENCIMENTO.                                                                                                                                                                                                         11091900000000000001109190000000000000       0090339900006270338771091915000075
100000000000000000000009033990000627000000000000000000000000010002020028290709191900000000002            2  01282907091926091900000001629230000000001N090919000000000000000000000000000000000000000000000000000000000000000100028290719809VANESSA GIANGARRELLI PEREIRA            RUA BARINEL - 72 - JARDIM COTCHING - SAO            03462130                                                            000077
2SR. CAIXA, APOS O VENCIMENTO COBRAR 2% DE MULTA                                 NAO RECEBER APOS 30 DIAS DO VENCIMENTO.                                                                                                                                                                                                         11091900000000000001109190000000000000       0090339900006270282907091919000078
100000000000000000000009033990000627000000000000000000000000010002020087573009191400000000002            2  01875730091926091900000001779110000000001N090919000000000000000000000000000000000000000000000000000000000000000100087573059604VANDERLEY DE ASSIS                      RUA ROMEU ALBANI - 268 - JARDIM PARQUE R            13803810                                                            000080
2SR. CAIXA, APOS O VENCIMENTO COBRAR 2% DE MULTA                                 NAO RECEBER APOS 30 DIAS DO VENCIMENTO.                                                                                                                                                                                                         11091900000000000001109190000000000000       0090339900006270875730091914000081
100000000000000000000009033990000627000000000000000000000000010002020010825509191100000000002            2  01108255091926091900000001856610000000001N090919000000000000000000000000000000000000000000000000000000000000000100010825513847JOSE APARECIDO PEREIRA                  RUA GENERAL OSORIO - 305 - JARDIM TRINTA            11515130                                                            000083
2SR. CAIXA, APOS O VENCIMENTO COBRAR 2% DE MULTA                                 NAO RECEBER APOS 30 DIAS DO VENCIMENTO.                                                                                                                                                                                                         11091900000000000001109190000000000000       0090339900006270108255091911000084
100000000000000000000009033990000627000000000000000000000000010002020038818509191100000000002            2  01388185091926091900000001888340000000001N090919000000000000000000000000000000000000000000000000000000000000000100038818572814MAURICIUS ALEXANDRE ESTEVAM NABOR       RUA JOSE CALIXTO DO CARMO - 286 AP.25 -             11702690                                                            000086
2SR. CAIXA, APOS O VENCIMENTO COBRAR 2% DE MULTA                                 NAO RECEBER APOS 30 DIAS DO VENCIMENTO.                                                                                                                                                                                                         11091900000000000001109190000000000000       0090339900006270388185091911000087
100000000000000000000009033990000627000000000000000000000000010002020039115109191300000000002            2  01391151091926091900000002288580000000001N090919000000000000000000000000000000000000000000000000000000000000000100039115139840LAIS CRISTINA RIBEIRO ANDO              RUA PERU - 769 AP.17 - VILA GUILHERMINA             11702250                                                            000089
2SR. CAIXA, APOS O VENCIMENTO COBRAR 2% DE MULTA                                 NAO RECEBER APOS 30 DIAS DO VENCIMENTO.                                                                                                                                                                                                         11091900000000000001109190000000000000       0090339900006270391151091913000090
100000000000000000000009033990000627000000000000000000000000010002020029617509191100000000002            2  01296175091924091900000002559190000000001N090919000000000000000000000000000000000000000000000000000000000000000100029617510553MARILENE SOUZA DE OLIVEIRA              AVENIDA BRASIL - 393 AP.09 - PARQUE DAS             09210280                                                            000092
2SR. CAIXA, APOS O VENCIMENTO COBRAR 2% DE MULTA                                 NAO RECEBER APOS 30 DIAS DO VENCIMENTO.                                                                                                                                                                                                         11091900000000000001109190000000000000       0090339900006270296175091911000093
100000000000000000000009033990000627000000000000000000000000010002020000593209191100000000002            2  01005932091924091900000002806790000000001N090919000000000000000000000000000000000000000000000000000000000000000100000593293860WALTER HELIO BARBOSA FILHO              AVENIDA ANTONIO FREDERICO OZANAN - 9500             13214206                                                            000095
2SR. CAIXA, APOS O VENCIMENTO COBRAR 2% DE MULTA                                 NAO RECEBER APOS 30 DIAS DO VENCIMENTO.                                                                                                                                                                                                         11091900000000000001109190000000000000       0090339900006270005932091911000096
100000000000000000000009033990000627000000000000000000000000010002020007730009191700000000002            2  01077300091924091900000003991530000000001N090919000000000000000000000000000000000000000000000000000000000000000100007730084899ARNALDO LUIZ VONO                       RUA CARLOS JOSE BORSTENS - 50 AP.122 - A            11702750                                                            000098
2SR. CAIXA, APOS O VENCIMENTO COBRAR 2% DE MULTA                                 NAO RECEBER APOS 30 DIAS DO VENCIMENTO.                                                                                                                                                                                                         11091900000000000001109190000000000000       0090339900006270077300091917000099
100000000000000000000009033990000627000000000000000000000000010002020065584109191300000000002            2  01655841091924091900000001473410000000001N090919000000000000000000000000000000000000000000000000000000000000000100065584147834JOAQUIM DA COSTA MACHADO NETO           RUA CARLOS JOSE BORSTENS - 50 AP.42 - AV            11702750                                                            000101
2SR. CAIXA, APOS O VENCIMENTO COBRAR 2% DE MULTA                                 NAO RECEBER APOS 30 DIAS DO VENCIMENTO.                                                                                                                                                                                                         11091900000000000001109190000000000000       0090339900006270655841091913000102
100000000000000000000009033990000627000000000000000000000000010002020001616909191500000000002            2  01016169091924091900000002591270000000001N090919000000000000000000000000000000000000000000000000000000000000000100001616913827CLAUDIO LUIZ PAULELLA                   PRACA NESTOR DOS SANTOS ARRUDA - 26 - VI            13920000                                                            000104
2SR. CAIXA, APOS O VENCIMENTO COBRAR 2% DE MULTA                                 NAO RECEBER APOS 30 DIAS DO VENCIMENTO.                                                                                                                                                                                                         11091900000000000001109190000000000000       0090339900006270016169091915000105
100000000000000000000009033990000627000000000000000000000000010002020006684609191600000000002            2  01066846091926091900000001885320000000001N090919000000000000000000000000000000000000000000000000000000000000000100006684623884LAUDINOR VIEIRA GARCIA                  RUA CANDIDO SALES - 374 - JARDIM PRESIDE            07172000                                                            000107
2SR. CAIXA, APOS O VENCIMENTO COBRAR 2% DE MULTA                                 NAO RECEBER APOS 30 DIAS DO VENCIMENTO.                                                                                                                                                                                                         11091900000000000001109190000000000000       0090339900006270066846091916000108
100000000000000000000009033990000627000000000000000000000000010002020011663509191700000000002            2  01116635091926091900000001898920000000001N090919000000000000000000000000000000000000000000000000000000000000000100011663589844MARIA SAVIO QUARELLO                    AVENIDA MENDONCA DRUMOND - 321 - JARDIM             03524030                                                            000110
2SR. CAIXA, APOS O VENCIMENTO COBRAR 2% DE MULTA                                 NAO RECEBER APOS 30 DIAS DO VENCIMENTO.                                                                                                                                                                                                         11091900000000000001109190000000000000       0090339900006270116635091917000111
100000000000000000000009033990000627000000000000000000000000010002020010083809191900000000002            2  01100838091926091900000001834650000000001N090919000000000000000000000000000000000000000000000000000000000000000100010083824855IONE FERREIRA COUTO DA SILVA            RUA JOSE RAGEL DE MESQUITA - 60 CS.01 -             07799999                                                            000113
2SR. CAIXA, APOS O VENCIMENTO COBRAR 2% DE MULTA                                 NAO RECEBER APOS 30 DIAS DO VENCIMENTO.                                                                                                                                                                                                         11091900000000000001109190000000000000       0090339900006270100838091919000114
100000000000000000000009033990000627000000000000000000000000010002020036881709191100000000002            2  01368817091926091900000001800400000000001N090919000000000000000000000000000000000000000000000000000000000000000100036881778864ANDRE GONZALEZ RABELLO                  RUA PARAIBA - 106 AP.61 - POMPEIA - SANT            11065470                                                            000116
2SR. CAIXA, APOS O VENCIMENTO COBRAR 2% DE MULTA                                 NAO RECEBER APOS 30 DIAS DO VENCIMENTO.                                                                                                                                                                                                         11091900000000000001109190000000000000       0090339900006270368817091911000117
100000000000000000000009033990000627000000000000000000000000010002020018207009191000000000002            2  01182070091924091900000002481690000000001N090919000000000000000000000000000000000000000000000000000000000000000100018207096802ROBERTO VALENTE TAVARES                 RUA SEBASTIAO GOMES - 218 - JARDIM SANTO            13835000                                                            000119
2SR. CAIXA, APOS O VENCIMENTO COBRAR 2% DE MULTA                                 NAO RECEBER APOS 30 DIAS DO VENCIMENTO.                                                                                                                                                                                                         11091900000000000001109190000000000000       0090339900006270182070091910000120
100000000000000000000009033990000627000000000000000000000000010002020005351009191300000000002            2  01053510091926091900000001688060000000001N090919000000000000000000000000000000000000000000000000000000000000000100005351015897VALERIA ALVES MARCOLINO HINNIGER        RUA MONGOLIA - 230 AP.71 BL.4 - PARQUE N            09280220                                                            000122
2SR. CAIXA, APOS O VENCIMENTO COBRAR 2% DE MULTA                                 NAO RECEBER APOS 30 DIAS DO VENCIMENTO.                                                                                                                                                                                                         11091900000000000001109190000000000000       0090339900006270053510091913000123
100000000000000000000009033990000627000000000000000000000000010002020031898709191900000000002            2  01318987091924091900000002685660000000001N090919000000000000000000000000000000000000000000000000000000000000000100031898775800ANITA MARTINS COLOMBO                   RUA CARLOS JOSE BORSTENS - 50 AP.115 - A            11702750                                                            000125
2SR. CAIXA, APOS O VENCIMENTO COBRAR 2% DE MULTA                                 NAO RECEBER APOS 30 DIAS DO VENCIMENTO.                                                                                                                                                                                                         11091900000000000001109190000000000000       0090339900006270318987091919000126
100000000000000000000009033990000627000000000000000000000000010002020037983409191900000000002            2  01379834091926091900000001982910000000001N090919000000000000000000000000000000000000000000000000000000000000000100037983484801JOSE ERIVALDO SOUZA DO NASCIMENTO RAMOS RUA LETICIA - 250 - JARDIM GUARUJA - SAO            05877260                                                            000128
2SR. CAIXA, APOS O VENCIMENTO COBRAR 2% DE MULTA                                 NAO RECEBER APOS 30 DIAS DO VENCIMENTO.                                                                                                                                                                                                         11091900000000000001109190000000000000       0090339900006270379834091919000129
100000000000000000000009033990000627000000000000000000000000010002020037983409192700000000002            2  01379834091926091900000001982860000000001N090919000000000000000000000000000000000000000000000000000000000000000100037983484801JOSE ERIVALDO SOUZA DO NASCIMENTO RAMOS RUA LETICIA - 250 - JARDIM GUARUJA - SAO            05877260                                                            000131
2SR. CAIXA, APOS O VENCIMENTO COBRAR 2% DE MULTA                                 NAO RECEBER APOS 30 DIAS DO VENCIMENTO.                                                                                                                                                                                                         11091900000000000001109190000000000000       0090339900006270379834091927000132
100000000000000000000009033990000627000000000000000000000000010002020056289209191P00000000002            2  01562892091926091900000001497990000000001N090919000000000000000000000000000000000000000000000000000000000000000100056289286900PEDRO RIBEIRO                           RUA CONEGO MANOEL VAZ - 48 - SANTANA - S            02019050                                                            000134
2SR. CAIXA, APOS O VENCIMENTO COBRAR 2% DE MULTA                                 NAO RECEBER APOS 30 DIAS DO VENCIMENTO.                                                                                                                                                                                                         11091900000000000001109190000000000000       009033990000627056289209191P000135
100000000000000000000009033990000627000000000000000000000000010002020005025509191300000000002            2  01050255091926091900000002131800000000001N090919000000000000000000000000000000000000000000000000000000000000000100005025595860CONCEICAO APARECIDA DE MESQUITA PEREIRA RUA TRIUNFO - 835 AP.105 - JARDIM SAO LU            14020670                                                            000137
2SR. CAIXA, APOS O VENCIMENTO COBRAR 2% DE MULTA                                 NAO RECEBER APOS 30 DIAS DO VENCIMENTO.                                                                                                                                                                                                         11091900000000000001109190000000000000       0090339900006270050255091913000138
100000000000000000000009033990000627000000000000000000000000010002020034735309191600000000002            2  01347353091926091900000002055890000000001N090919000000000000000000000000000000000000000000000000000000000000000100034735328866DIEGO FELIPE MOLINA DA SILVA E SOUSA    RUA EMILIA PAULISTA - 135 - VILA TIRADEN            05364020                                                            000140
2SR. CAIXA, APOS O VENCIMENTO COBRAR 2% DE MULTA                                 NAO RECEBER APOS 30 DIAS DO VENCIMENTO.                                                                                                                                                                                                         11091900000000000001109190000000000000       0090339900006270347353091916000141
100000000000000000000009033990000627000000000000000000000000010002020076175609191700000000002            2  01761756091924091900000003727110000000001N090919000000000000000000000000000000000000000000000000000000000000000100076175685687GILMAR DE OLIVEIRA BRAGA                RUA MARACAJU - 161 AP.202 - NOVA GRANADA            30431350                                                            000143
2SR. CAIXA, APOS O VENCIMENTO COBRAR 2% DE MULTA                                 NAO RECEBER APOS 30 DIAS DO VENCIMENTO.                                                                                                                                                                                                         11091900000000000001109190000000000000       0090339900006270761756091917000144
100000000000000000000009033990000627000000000000000000000000010002020034812209191P00000000002            2  01348122091924091900000003554580000000001N090919000000000000000000000000000000000000000000000000000000000000000100034812226880THAIS TORQUATO MIMOSO DE JESUS          RUA ARNALDO CINTRA - 416 AP.104 TORRE 2             03088000                                                            000146
2SR. CAIXA, APOS O VENCIMENTO COBRAR 2% DE MULTA                                 NAO RECEBER APOS 30 DIAS DO VENCIMENTO.                                                                                                                                                                                                         11091900000000000001109190000000000000       009033990000627034812209191P000147
100000000000000000000009033990000627000000000000000000000000010002020012849409191600000000002            2  01128494091926091900000003541790000000001N090919000000000000000000000000000000000000000000000000000000000000000100012849428809MOISES CLAUDIO DO ROSARIO               AVENIDA DR. AUGUSTO DE TOLEDO - 510 AP.1            09541520                                                            000149
2SR. CAIXA, APOS O VENCIMENTO COBRAR 2% DE MULTA                                 NAO RECEBER APOS 30 DIAS DO VENCIMENTO.                                                                                                                                                                                                         11091900000000000001109190000000000000       0090339900006270128494091916000150
100000000000000000000009033990000627000000000000000000000000010002020015702309191600000000002            2  01157023091926091900000001965050000000001N090919000000000000000000000000000000000000000000000000000000000000000100015702353846MARIA DE LOURDES DE MACENO SOUZA        RUA MAJOR ARMANDO VEIGA CASTELO - 50 - J            02971030                                                            000152
2SR. CAIXA, APOS O VENCIMENTO COBRAR 2% DE MULTA                                 NAO RECEBER APOS 30 DIAS DO VENCIMENTO.                                                                                                                                                                                                         11091900000000000001109190000000000000       0090339900006270157023091916000153
9                                                                                                                                                                                                                                                                                                                                                                                                         000154