01REMESSA01COBRANCA       00000000000004991781AIRES CONSTRUTORA E INCORPORAD237BRADESCO       010219        MX0000113                                                                                                                                                                                                                                                                                     000001
100000000000000000000009077090006612500000000000000000000000010002100094852202191800000000002            2  01948522021910021900000002292660000000001N010219000000000000000000000000000000000000000000000000000000000000000100094852294887GISELDA MENON                           RUA OTAVIO BARRETO - 105 - VILA SANTISTA            02560080                                                            000002
2SR. CAIXA, APOS O VENCIMENTO COBRAR 10% DE MULTA                                NAO RECEBER APOS 30 DIAS DO VENCIMENTO.                                                                                                                                                                                                         01021900000000000000102190000000000000       0090770900066125948522021918000003
100000000000000000000009077090006612500000000000000000000000010002100006485902191400000000002            2  01064859021910021900000003516190000000001N010219000000000000000000000000000000000000000000000000000000000000000100006485911820CELIO MANUEL  MELIM SANTO               RUA JUVENAL FERREIRA  - 85 AP.61 - VILA             03512040                                                            000005
2SR. CAIXA, APOS O VENCIMENTO COBRAR 10% DE MULTA                                NAO RECEBER APOS 30 DIAS DO VENCIMENTO.                                                                                                                                                                                                         01021900000000000000102190000000000000       0090770900066125064859021914000006
100000000000000000000009077090006612500000000000000000000000010002100004693802191300000000002            2  01046938021910021900000003064630000000001N010219000000000000000000000000000000000000000000000000000000000000000100004693857823NIVALDO BARTOLOMEU FERREIRA             MNS JOSE MARINONI  - 33 - SANTO AMARO -             04430350                                                            000008
2SR. CAIXA, APOS O VENCIMENTO COBRAR 10% DE MULTA                                NAO RECEBER APOS 30 DIAS DO VENCIMENTO.                                                                                                                                                                                                         01021900000000000000102190000000000000       0090770900066125046938021913000009
100000000000000000000009077090006612500000000000000000000000010002100027993102191200000000002            2  01279931021910021900000002918200000000001N010219000000000000000000000000000000000000000000000000000000000000000100027993108853DALVA JESUS RODRIGUES CABRAL            RUA CRISTOVAO COLOMBO GONCALVES - 97 - C            04811050                                                            000011
2SR. CAIXA, APOS O VENCIMENTO COBRAR 10% DE MULTA                                NAO RECEBER APOS 30 DIAS DO VENCIMENTO.                                                                                                                                                                                                         01021900000000000000102190000000000000       0090770900066125279931021912000012
100000000000000000000009077090006612500000000000000000000000010002100027993102192000000000002            2  01279931021910021900000002918200000000001N010219000000000000000000000000000000000000000000000000000000000000000100027993108853DALVA JESUS RODRIGUES CABRAL            RUA CRISTOVAO COLOMBO GONCALVES - 97 - C            04811050                                                            000014
2SR. CAIXA, APOS O VENCIMENTO COBRAR 10% DE MULTA                                NAO RECEBER APOS 30 DIAS DO VENCIMENTO.                                                                                                                                                                                                         01021900000000000000102190000000000000       0090770900066125279931021920000015
100000000000000000000009077090006612500000000000000000000000010002100000455402191100000000002            2  01004554021910021900000003031340000000001N010219000000000000000000000000000000000000000000000000000000000000000100000455495831PAULO HENRIQUE LOURENCO                 RUA FIGUEIRA  - 237 - CIDADE DAS FLORES             06184060                                                            000017
2SR. CAIXA, APOS O VENCIMENTO COBRAR 10% DE MULTA                                NAO RECEBER APOS 30 DIAS DO VENCIMENTO.                                                                                                                                                                                                         01021900000000000000102190000000000000       0090770900066125004554021911000018
100000000000000000000009077090006612500000000000000000000000010002100006140002191200000000002            2  01061400021910021900000003759280000000001N010219000000000000000000000000000000000000000000000000000000000000000100006140049857MARIA ALBANI DA SILVA EUSEBIO           RUA ORLANDO SEGALA - 108 - JARDIM ADRIAN            07135190                                                            000020
2SR. CAIXA, APOS O VENCIMENTO COBRAR 10% DE MULTA                                NAO RECEBER APOS 30 DIAS DO VENCIMENTO.                                                                                                                                                                                                         01021900000000000000102190000000000000       0090770900066125061400021912000021
100000000000000000000009077090006612500000000000000000000000010002100007768702191100000000002            2  01077687021910021900000003818800000000001N010219000000000000000000000000000000000000000000000000000000000000000100007768713826FATIMA LUZIA BIANCHI                    DR. OLIDAIR AMBROSIO - 1487 AP.03 - CENT            14160170                                                            000023
2SR. CAIXA, APOS O VENCIMENTO COBRAR 10% DE MULTA                                NAO RECEBER APOS 30 DIAS DO VENCIMENTO.                                                                                                                                                                                                         01021900000000000000102190000000000000       0090770900066125077687021911000024
100000000000000000000009077090006612500000000000000000000000010002100021716802191900000000002            2  01217168021910021900000003762110000000001N010219000000000000000000000000000000000000000000000000000000000000000100021716847800DANIELLE FAGUNDES DE A.MATOS            CONDE MOREIRA LIMA - 644 - JARDIM JABAQU            04384032                                                            000026
2SR. CAIXA, APOS O VENCIMENTO COBRAR 10% DE MULTA                                NAO RECEBER APOS 30 DIAS DO VENCIMENTO.                                                                                                                                                                                                         01021900000000000000102190000000000000       0090770900066125217168021919000027
100000000000000000000009077090006612500000000000000000000000010002100085416902191200000000002            2  01854169021910021900000003189190000000001N010219000000000000000000000000000000000000000000000000000000000000000100085416940891ANTONIO DE SOUSA MENDES                 RUA MONTE CASTELO - 296 AP.52 - AVIACAO             11702720                                                            000029
2SR. CAIXA, APOS O VENCIMENTO COBRAR 10% DE MULTA                                NAO RECEBER APOS 30 DIAS DO VENCIMENTO.                                                                                                                                                                                                         01021900000000000000102190000000000000       0090770900066125854169021912000030
100000000000000000000009077090006612500000000000000000000000010002100005678002191600000000002            2  01056780021910021900000003321490000000001N010219000000000000000000000000000000000000000000000000000000000000000100005678057863FABIO MOREIRA CAMPOS                    RUA FLORENCIO DA SILVA - 284 - VILA LIBA            03738070                                                            000032
2SR. CAIXA, APOS O VENCIMENTO COBRAR 10% DE MULTA                                NAO RECEBER APOS 30 DIAS DO VENCIMENTO.                                                                                                                                                                                                         01021900000000000000102190000000000000       0090770900066125056780021916000033
100000000000000000000009077090006612500000000000000000000000010002100007784402191200000000002            2  01077844021910021900000003353930000000001N010219000000000000000000000000000000000000000000000000000000000000000100007784496885GUILHERME LEONARDO DO NASCIMENTO        COMENDADOR RUBENS RONCARE - 127 - PONTE             11530120                                                            000035
2SR. CAIXA, APOS O VENCIMENTO COBRAR 10% DE MULTA                                NAO RECEBER APOS 30 DIAS DO VENCIMENTO.                                                                                                                                                                                                         01021900000000000000102190000000000000       0090770900066125077844021912000036
100000000000000000000009077090006612500000000000000000000000010002100016348202191200000000002            2  01163482021910021900000003240360000000001N010219000000000000000000000000000000000000000000000000000000000000000100016348237885AILTON LORENA                           AVENIDA BRASILIA - 194 - BELA VISTA - SA            09180260                                                            000038
2SR. CAIXA, APOS O VENCIMENTO COBRAR 10% DE MULTA                                NAO RECEBER APOS 30 DIAS DO VENCIMENTO.                                                                                                                                                                                                         01021900000000000000102190000000000000       0090770900066125163482021912000039
100000000000000000000009077090006612500000000000000000000000010002100081218402191600000000002            2  01812184021910021900000003127360000000001N010219000000000000000000000000000000000000000000000000000000000000000100081218486953OSMAR DA COSTA                          RUA MONTE CASTELO - 295 AP.33 - AVIACAO             11702720                                                            000041
2SR. CAIXA, APOS O VENCIMENTO COBRAR 10% DE MULTA                                NAO RECEBER APOS 30 DIAS DO VENCIMENTO.                                                                                                                                                                                                         01021900000000000000102190000000000000       0090770900066125812184021916000042
100000000000000000000009077090006612500000000000000000000000010002100004981802191900000000002            2  01049818021910021900000003552100000000001N010219000000000000000000000000000000000000000000000000000000000000000100004981884850SILVIO PAULINO GONCALVES                MARIA DE CASTRO MESQUITA - 84 AP.103 BLO            07110040                                                            000044
2SR. CAIXA, APOS O VENCIMENTO COBRAR 10% DE MULTA                                NAO RECEBER APOS 30 DIAS DO VENCIMENTO.                                                                                                                                                                                                         01021900000000000000102190000000000000       0090770900066125049818021919000045
100000000000000000000009077090006612500000000000000000000000010002100019282502191300000000002            2  01192825021910021900000002331600000000001N010219000000000000000000000000000000000000000000000000000000000000000100019282546837FABIO LEANDRO DE FREITAS ASSIS          RUA BASSIM NAGIB TRABULSI - 97 - PONTA D            11030540                                                            000047
2SR. CAIXA, APOS O VENCIMENTO COBRAR 10% DE MULTA                                NAO RECEBER APOS 30 DIAS DO VENCIMENTO.                                                                                                                                                                                                         01021900000000000000102190000000000000       0090770900066125192825021913000048
100000000000000000000009077090006612500000000000000000000000010002100008423402191700000000002            2  01084234021910021900000003240290000000001N010219000000000000000000000000000000000000000000000000000000000000000100008423485811EDSON LUIZ NUNES                        RUA NOEMIA PEDROSO BUENO - 41 - JARDIM G            09360440                                                            000050
2SR. CAIXA, APOS O VENCIMENTO COBRAR 10% DE MULTA                                NAO RECEBER APOS 30 DIAS DO VENCIMENTO.                                                                                                                                                                                                         01021900000000000000102190000000000000       0090770900066125084234021917000051
100000000000000000000009077090006612500000000000000000000000010002100003010502191600000000002            2  01030105021910021900000003749430000000001N010219000000000000000000000000000000000000000000000000000000000000000100003010502877GIZELA VIEIRA BARROS                    RUA GIACOMO DALCIN - 157 - MAUA - SAO CA            09580350                                                            000053
2SR. CAIXA, APOS O VENCIMENTO COBRAR 10% DE MULTA                                NAO RECEBER APOS 30 DIAS DO VENCIMENTO.                                                                                                                                                                                                         01021900000000000000102190000000000000       0090770900066125030105021916000054
100000000000000000000009077090006612500000000000000000000000010002100009777202191300000000002            2  01097772021910021900000002939710000000001N010219000000000000000000000000000000000000000000000000000000000000000100009777281889CARLITA DE FIGUEIREDO CARVALHO          AVENIDA ALBERTO DE ALMEIDA VINHAS - 4462            11701350                                                            000056
2SR. CAIXA, APOS O VENCIMENTO COBRAR 10% DE MULTA                                NAO RECEBER APOS 30 DIAS DO VENCIMENTO.                                                                                                                                                                                                         01021900000000000000102190000000000000       0090770900066125097772021913000057
100000000000000000000009077090006612500000000000000000000000010002100004213002191000000000002            2  01042130021910021900000003491150000000001N010219000000000000000000000000000000000000000000000000000000000000000100004213020894ELIETE DRUGOVICH DE LIMA                RUA OSVALDO CRUZ - 141 AP.144-B - SANTA             09541270                                                            000059
2SR. CAIXA, APOS O VENCIMENTO COBRAR 10% DE MULTA                                NAO RECEBER APOS 30 DIAS DO VENCIMENTO.                                                                                                                                                                                                         01021900000000000000102190000000000000       0090770900066125042130021910000060
100000000000000000000009077090006612500000000000000000000000010002100043122802191500000000002            2  01431228021910021900000002379550000000001N010219000000000000000000000000000000000000000000000000000000000000000100043122850800ANTONIO JOAQUIM GOES                    ANTONIO DOAS DA SILVA - 412 - VILA AMALI            02618110                                                            000062
2SR. CAIXA, APOS O VENCIMENTO COBRAR 10% DE MULTA                                NAO RECEBER APOS 30 DIAS DO VENCIMENTO.                                                                                                                                                                                                         01021900000000000000102190000000000000       0090770900066125431228021915000063
100000000000000000000009077090006612500000000000000000000000010002100003865702191100000000002            2  01038657021910021900000003124180000000001N010219000000000000000000000000000000000000000000000000000000000000000100003865776841FRANCISCO JOSE ROCCO                    RUA FABIO JOSE BEZERRA - 130 AP.86 - PAR            03805000                                                            000065
2SR. CAIXA, APOS O VENCIMENTO COBRAR 10% DE MULTA                                NAO RECEBER APOS 30 DIAS DO VENCIMENTO.                                                                                                                                                                                                         01021900000000000000102190000000000000       0090770900066125038657021911000066
100000000000000000000009077090006612500000000000000000000000010002100028309502191800000000002            2  01283095021910021900000002786060000000001N010219000000000000000000000000000000000000000000000000000000000000000100028309524803DEISE RIBEIRO BARBOSA                   RUA CANDIDO JOSE DE ANDRADE - 173 - ERME            03807030                                                            000068
2SR. CAIXA, APOS O VENCIMENTO COBRAR 10% DE MULTA                                NAO RECEBER APOS 30 DIAS DO VENCIMENTO.                                                                                                                                                                                                         01021900000000000000102190000000000000       0090770900066125283095021918000069
100000000000000000000009077090006612500000000000000000000000010002100011277902191800000000002            2  01112779021910021900000003306740000000001N010219000000000000000000000000000000000000000000000000000000000000000100011277908893JOSE AILTON LOPES DE AZEVEDO            RUA MAESTRO JOAO SEPE - 19 - JARDIM MARI            04181030                                                            000071
2SR. CAIXA, APOS O VENCIMENTO COBRAR 10% DE MULTA                                NAO RECEBER APOS 30 DIAS DO VENCIMENTO.                                                                                                                                                                                                         01021900000000000000102190000000000000       0090770900066125112779021918000072
100000000000000000000009077090006612500000000000000000000000010002100025215102191500000000002            2  01252151021910021900000002493690000000001N010219000000000000000000000000000000000000000000000000000000000000000100025215106886KLEBER LUIZ DOS SANTOS                  RUA MONTE CASTELO - 262 AP.15 - AVIACAO             11702720                                                            000074
2SR. CAIXA, APOS O VENCIMENTO COBRAR 10% DE MULTA                                NAO RECEBER APOS 30 DIAS DO VENCIMENTO.                                                                                                                                                                                                         01021900000000000000102190000000000000       0090770900066125252151021915000075
100000000000000000000009077090006612500000000000000000000000010002100090206702191200000000002            2  01902067021910021900000002785350000000001N010219000000000000000000000000000000000000000000000000000000000000000100090206789815NEREIDE RODRIGUES FERREIRA              AVENIDA PADRE ESTANISLAU DE CAMPOS - 205            03590060                                                            000077
2SR. CAIXA, APOS O VENCIMENTO COBRAR 10% DE MULTA                                NAO RECEBER APOS 30 DIAS DO VENCIMENTO.                                                                                                                                                                                                         01021900000000000000102190000000000000       0090770900066125902067021912000078
100000000000000000000009077090006612500000000000000000000000010002100029150702191000000000002            2  01291507021910021900000003260310000000001N010219000000000000000000000000000000000000000000000000000000000000000100029150742833ANA DEISE SANTOS DE ALMEIDA             RUA MONTE CASTELO - 296 AP.121 - AVIACAO            11702720                                                            000080
2SR. CAIXA, APOS O VENCIMENTO COBRAR 10% DE MULTA                                NAO RECEBER APOS 30 DIAS DO VENCIMENTO.                                                                                                                                                                                                         01021900000000000000102190000000000000       0090770900066125291507021910000081
100000000000000000000009077090006612500000000000000000000000010002100000811702191600000000002            2  01008117021910021900000002685460000000001N010219000000000000000000000000000000000000000000000000000000000000000100000811752801SERGIO BUENO DA SILVA                   RUA MONTE CASTELO - 262 AP.75 - AVIACAO             11702720                                                            000083
2SR. CAIXA, APOS O VENCIMENTO COBRAR 10% DE MULTA                                NAO RECEBER APOS 30 DIAS DO VENCIMENTO.                                                                                                                                                                                                         01021900000000000000102190000000000000       0090770900066125008117021916000084
100000000000000000000009077090006612500000000000000000000000010002100018344802191200000000002            2  01183448021910021900000003413790000000001N010219000000000000000000000000000000000000000000000000000000000000000100018344803888MARCELO BERNARDO                        RUA MONTE CASTELO - 262 AP.84 - AVIACAO             11702720                                                            000086
2SR. CAIXA, APOS O VENCIMENTO COBRAR 10% DE MULTA                                NAO RECEBER APOS 30 DIAS DO VENCIMENTO.                                                                                                                                                                                                         01021900000000000000102190000000000000       0090770900066125183448021912000087
100000000000000000000009077090006612500000000000000000000000010002100004004302191P00000000002            2  01040043021910021900000004786040000000001N010219000000000000000000000000000000000000000000000000000000000000000100004004328896VANDERLEI  MARTINS DE ALMEIDA           RUA MONSENHOR TABOSA - 03 - PARQUE CISPE            03819300                                                            000089
2SR. CAIXA, APOS O VENCIMENTO COBRAR 10% DE MULTA                                NAO RECEBER APOS 30 DIAS DO VENCIMENTO.                                                                                                                                                                                                         01021900000000000000102190000000000000       009077090006612504004302191P000090
100000000000000000000009077090006612500000000000000000000000010002100005133002191400000000002            2  01051330021910021900000003269010000000001N010219000000000000000000000000000000000000000000000000000000000000000100005133053860VICENTE ARCIPRETE JUNIOR                RUA JOSE SIMOES FERREIRA FILHO - 80 - JA            06040090                                                            000092
2SR. CAIXA, APOS O VENCIMENTO COBRAR 10% DE MULTA                                NAO RECEBER APOS 30 DIAS DO VENCIMENTO.                                                                                                                                                                                                         01021900000000000000102190000000000000       0090770900066125051330021914000093
100000000000000000000009077090006612500000000000000000000000010002100056660202191900000000002            2  01566602021910021900000000795130000000001N010219000000000000000000000000000000000000000000000000000000000000000100056660235868JOSE DA SILVA                           RUA MONTE CASTELO - 296 AP.32 - AVIACAO             11702720                                                            000095
2SR. CAIXA, APOS O VENCIMENTO COBRAR 10% DE MULTA                                NAO RECEBER APOS 30 DIAS DO VENCIMENTO.                                                                                                                                                                                                         01021900000000000000102190000000000000       0090770900066125566602021919000096
100000000000000000000009077090006612500000000000000000000000010002100016339402191000000000002            2  01163394021910021900000002887580000000001N010219000000000000000000000000000000000000000000000000000000000000000100016339432832ALEX MONTEIRO DA SILVA                  RUA IVA MOURA LIMA - 04 - JARDIM MIRNA I            04855540                                                            000098
2SR. CAIXA, APOS O VENCIMENTO COBRAR 10% DE MULTA                                NAO RECEBER APOS 30 DIAS DO VENCIMENTO.                                                                                                                                                                                                         01021900000000000000102190000000000000       0090770900066125163394021910000099
100000000000000000000009077090006612500000000000000000000000010002100031803802191800000000002            2  01318038021910021900000002948810000000001N010219000000000000000000000000000000000000000000000000000000000000000100031803864877ELEILSON FELIPPE SANTOS                 RUA SANTA GREGORIA - 193 - CIDADE DUTRA             04806030                                                            000101
2SR. CAIXA, APOS O VENCIMENTO COBRAR 10% DE MULTA                                NAO RECEBER APOS 30 DIAS DO VENCIMENTO.                                                                                                                                                                                                         01021900000000000000102190000000000000       0090770900066125318038021918000102
100000000000000000000009077090006612500000000000000000000000010002100026032602191600000000002            2  01260326021910021900000002029260000000001N010219000000000000000000000000000000000000000000000000000000000000000100026032632857MARILA LOPES PEREIRA                    AVENIDA LUIZ GISHOKEM - 1761 AP.13 BL.05            05831315                                                            000104
2SR. CAIXA, APOS O VENCIMENTO COBRAR 10% DE MULTA                                NAO RECEBER APOS 30 DIAS DO VENCIMENTO.                                                                                                                                                                                                         01021900000000000000102190000000000000       0090770900066125260326021916000105
100000000000000000000009077090006612500000000000000000000000010002100063064502191200000000002            2  01630645021910021900000003514040000000001N010219000000000000000000000000000000000000000000000000000000000000000100063064537849ANTONIO APARECIDO DA SILVA DESTEFANO    RUA PROFESSOR TEODORO BRAGA - 46 - VILA             02966020                                                            000107
2SR. CAIXA, APOS O VENCIMENTO COBRAR 10% DE MULTA                                NAO RECEBER APOS 30 DIAS DO VENCIMENTO.                                                                                                                                                                                                         01021900000000000000102190000000000000       0090770900066125630645021912000108
100000000000000000000009077090006612500000000000000000000000010002100010107702191800000000002            2  01101077021910021900000003367490000000001N010219000000000000000000000000000000000000000000000000000000000000000100010107711834VALDEMAR FECCHIO                        RUA DEPUTADO EMILIO CARLOS - 355 AP.21-B            06028010                                                            000110
2SR. CAIXA, APOS O VENCIMENTO COBRAR 10% DE MULTA                                NAO RECEBER APOS 30 DIAS DO VENCIMENTO.                                                                                                                                                                                                         01021900000000000000102190000000000000       0090770900066125101077021918000111
100000000000000000000009077090006612500000000000000000000000010002100003330702191700000000002            2  01033307021910021900000004332090000000001N010219000000000000000000000000000000000000000000000000000000000000000100003330791837MARLI DA SILVA BARBOSA                  RUA GLICERIO CERQUEIRA LEITE - 151 - JAR            03675040                                                            000113
2SR. CAIXA, APOS O VENCIMENTO COBRAR 10% DE MULTA                                NAO RECEBER APOS 30 DIAS DO VENCIMENTO.                                                                                                                                                                                                         01021900000000000000102190000000000000       0090770900066125033307021917000114
100000000000000000000009077090006612500000000000000000000000010002100008931002191500000000002            2  01089310021910021900000001760940000000001N010219000000000000000000000000000000000000000000000000000000000000000100008931031874BENEVENUTO THEODORO DA SILVA NETO       RUA MONTE CASTELO - 296 AP.63 - AVIACAO             11702720                                                            000116
2SR. CAIXA, APOS O VENCIMENTO COBRAR 10% DE MULTA                                NAO RECEBER APOS 30 DIAS DO VENCIMENTO.                                                                                                                                                                                                         01021900000000000000102190000000000000       0090770900066125089310021915000117
100000000000000000000009077090006612500000000000000000000000010002100005920502191100000000002            2  01059205021910021900000002045900000000001N010219000000000000000000000000000000000000000000000000000000000000000100005920579846SONIA MARIA VALDO POLLO                 RUA PALMIRA CERVI BARBARO - 797 - CIDADE            13214370                                                            000119
2SR. CAIXA, APOS O VENCIMENTO COBRAR 10% DE MULTA                                NAO RECEBER APOS 30 DIAS DO VENCIMENTO.                                                                                                                                                                                                         01021900000000000000102190000000000000       0090770900066125059205021911000120
100000000000000000000009077090006612500000000000000000000000010002100002494102191200000000002            2  01024941021910021900000003076080000000001N010219000000000000000000000000000000000000000000000000000000000000000100002494107881CIRO FRANCISCO MARCHI DURIGON           RUA MONTE CASTELO - 262 AP.115 - AVIACAO            11702720                                                            000122
2SR. CAIXA, APOS O VENCIMENTO COBRAR 10% DE MULTA                                NAO RECEBER APOS 30 DIAS DO VENCIMENTO.                                                                                                                                                                                                         01021900000000000000102190000000000000       0090770900066125024941021912000123
100000000000000000000009077090006612500000000000000000000000010002100007002302191P00000000002            2  01070023021910021900000003023950000000001N010219000000000000000000000000000000000000000000000000000000000000000100007002345869DOMINGOS DE BRITO GALVAO                RUA MONTE CASTELO - 262 AP.44 - AVIACAO             11702720                                                            000125
2SR. CAIXA, APOS O VENCIMENTO COBRAR 10% DE MULTA                                NAO RECEBER APOS 30 DIAS DO VENCIMENTO.                                                                                                                                                                                                         01021900000000000000102190000000000000       009077090006612507002302191P000126
100000000000000000000009077090006612500000000000000000000000010002100009346802191P00000000002            2  01093468021910021900000001259630000000001N010219000000000000000000000000000000000000000000000000000000000000000100009346863862NELSON DE SOUZA SANTOS                  RUA PRIMEIRA CRUZ - 90 - PARQUE INDEPEND            03236060                                                            000128
2SR. CAIXA, APOS O VENCIMENTO COBRAR 10% DE MULTA                                NAO RECEBER APOS 30 DIAS DO VENCIMENTO.                                                                                                                                                                                                         01021900000000000000102190000000000000       009077090006612509346802191P000129
100000000000000000000009077090006612500000000000000000000000010002100016299002191300000000002            2  01162990021910021900000002915090000000001N010219000000000000000000000000000000000000000000000000000000000000000100016299008857FERNANDO CESAR CARVALHO                 AVENIDA MARCONDES DE BRITO - 1340 AP.74             03509000                                                            000131
2SR. CAIXA, APOS O VENCIMENTO COBRAR 10% DE MULTA                                NAO RECEBER APOS 30 DIAS DO VENCIMENTO.                                                                                                                                                                                                         01021900000000000000102190000000000000       0090770900066125162990021913000132
100000000000000000000009077090006612500000000000000000000000010002100031082802191700000000002            2  01310828021910021900000002929210000000001N010219000000000000000000000000000000000000000000000000000000000000000100031082898880VANESSA DOS SANTOS NEIVA                RUA MONTE CASTELO - 296 AP.33 - BAIRRO A            11702720                                                            000134
2SR. CAIXA, APOS O VENCIMENTO COBRAR 10% DE MULTA                                NAO RECEBER APOS 30 DIAS DO VENCIMENTO.                                                                                                                                                                                                         01021900000000000000102190000000000000       0090770900066125310828021917000135
100000000000000000000009077090006612500000000000000000000000010002100065895302191700000000002            2  01658953021910021900000001783470000000001N010219000000000000000000000000000000000000000000000000000000000000000100065895304834MARINHO BARBOSA CUNHA                   AVENIDA EDU CHAVES - 639 AP.43 - PARQUE             02229000                                                            000137
2SR. CAIXA, APOS O VENCIMENTO COBRAR 10% DE MULTA                                NAO RECEBER APOS 30 DIAS DO VENCIMENTO.                                                                                                                                                                                                         01021900000000000000102190000000000000       0090770900066125658953021917000138
9                                                                                                                                                                                                                                                                                                                                                                                                         000139