01REMESSA01COBRANCA       00000000000004991781AIRES CONSTRUTORA E INCORPORAD237BRADESCO       020720        MX0000145                                                                                                                                                                                                                                                                                     000001
100000000000000000000009077090006612500000000000000000000000010002100016338907201900000000002            2  01163389072025072000000003800480000000001N020720000000000000000000000000000000000000000000000000000000000000000100016338929806EDVALDO DA SILVA ANDRADE                RUA ARIA - 434 - PARQUE ALVES DE LIMA -             04902170                                                            000002
2SR. CAIXA, APOS O VENCIMENTO COBRAR 10% DE MULTA                                NAO RECEBER APOS 30 DIAS DO VENCIMENTO.                                                                                                                                                                                                         02072000000000000000207200000000000000       0090770900066125163389072019000003
100000000000000000000009077090006612500000000000000000000000010002100029380707201300000000002            2  01293807072025072000000003441820000000001N020720000000000000000000000000000000000000000000000000000000000000000100029380708882EDUARDO MENDONCA DAMASCENO              RUA MONTE CASTELO - 296 AP.12 - AVIACAO             11702720                                                            000005
2SR. CAIXA, APOS O VENCIMENTO COBRAR 10% DE MULTA                                NAO RECEBER APOS 30 DIAS DO VENCIMENTO.                                                                                                                                                                                                         02072000000000000000207200000000000000       0090770900066125293807072013000006
100000000000000000000009077090006612500000000000000000000000010002100023988507201700000000002            2  01239885072025072000000003494770000000001N020720000000000000000000000000000000000000000000000000000000000000000100023988525634DALMY PIMENTA                           SAO CAETANO - 136 - VILA SAO VICENTE - U            38026220                                                            000008
2SR. CAIXA, APOS O VENCIMENTO COBRAR 10% DE MULTA                                NAO RECEBER APOS 30 DIAS DO VENCIMENTO.                                                                                                                                                                                                         02072000000000000000207200000000000000       0090770900066125239885072017000009
100000000000000000000009077090006612500000000000000000000000010002100007635207201900000000002            2  01076352072025072000000003397210000000001N020720000000000000000000000000000000000000000000000000000000000000000100007635293893SILVIO CARDOSO ZACARIAS                 RUA SOLIDONIO LEITE - 2718 AP.102 BLOCO             03275000                                                            000011
2SR. CAIXA, APOS O VENCIMENTO COBRAR 10% DE MULTA                                NAO RECEBER APOS 30 DIAS DO VENCIMENTO.                                                                                                                                                                                                         02072000000000000000207200000000000000       0090770900066125076352072019000012
100000000000000000000009077090006612500000000000000000000000010002100007975907201200000000002            2  01079759072025072000000003695990000000001N020720000000000000000000000000000000000000000000000000000000000000000100007975958808JOCY VIGNADO                            RUA PEDRO GONCALVES SOBRINHO - 568 - PAR            13098641                                                            000014
2SR. CAIXA, APOS O VENCIMENTO COBRAR 10% DE MULTA                                NAO RECEBER APOS 30 DIAS DO VENCIMENTO.                                                                                                                                                                                                         02072000000000000000207200000000000000       0090770900066125079759072012000015
100000000000000000000009077090006612500000000000000000000000010002100036386807201400000000002            2  01363868072025072000000003903500000000001N020720000000000000000000000000000000000000000000000000000000000000000100036386861833ALINE LEE WEI DE SOUZA                  AV. PRES.CASTELO BRANCO - 9127 AP.251 BL            11704600                                                            000017
2SR. CAIXA, APOS O VENCIMENTO COBRAR 10% DE MULTA                                NAO RECEBER APOS 30 DIAS DO VENCIMENTO.                                                                                                                                                                                                         02072000000000000000207200000000000000       0090770900066125363868072014000018
100000000000000000000009077090006612500000000000000000000000010002100075759407201000000000002            2  01757594072025072000000002780540000000001N020720000000000000000000000000000000000000000000000000000000000000000100075759446800VALTER MUTAFEI                          RUA MONTE CASTELO - 295 AP.54 - AVIACAO             11702720                                                            000020
2SR. CAIXA, APOS O VENCIMENTO COBRAR 10% DE MULTA                                NAO RECEBER APOS 30 DIAS DO VENCIMENTO.                                                                                                                                                                                                         02072000000000000000207200000000000000       0090770900066125757594072010000021
100000000000000000000009077090006612500000000000000000000000010002100023132607201400000000002            2  01231326072025072000000002157910000000001N020720000000000000000000000000000000000000000000000000000000000000000100023132672882LEANDRO MORENO                          RUA MONTE CASTELO - 296 AP.64 - AVIACAO             11702720                                                            000023
2SR. CAIXA, APOS O VENCIMENTO COBRAR 10% DE MULTA                                NAO RECEBER APOS 30 DIAS DO VENCIMENTO.                                                                                                                                                                                                         02072000000000000000207200000000000000       0090770900066125231326072014000024
100000000000000000000009077090006612500000000000000000000000010002100099264607201300000000002            2  01992646072025072000000003680130000000001N020720000000000000000000000000000000000000000000000000000000000000000100099264692800LEONTINO PINHEIRO DA SILVA              AVENIDA JOAO BATISTA FITIPALDI - 469 - V            08685000                                                            000026
2SR. CAIXA, APOS O VENCIMENTO COBRAR 10% DE MULTA                                NAO RECEBER APOS 30 DIAS DO VENCIMENTO.                                                                                                                                                                                                         02072000000000000000207200000000000000       0090770900066125992646072013000027
100000000000000000000009077090006612500000000000000000000000010002100000666307201400000000002            2  01006663072025072000000003550300000000001N020720000000000000000000000000000000000000000000000000000000000000000100000666344825LUIZ HENRIQUE DE CAMPOS                 RUA JOAO CARLOS CAVALCANTI REIS - 21 - J            02281206                                                            000029
2SR. CAIXA, APOS O VENCIMENTO COBRAR 10% DE MULTA                                NAO RECEBER APOS 30 DIAS DO VENCIMENTO.                                                                                                                                                                                                         02072000000000000000207200000000000000       0090770900066125006663072014000030
100000000000000000000009077090006612500000000000000000000000010002100029155007201400000000002            2  01291550072025072000000003749250000000001N020720000000000000000000000000000000000000000000000000000000000000000100029155026842DANIELA YOSHIDA                         RUA MONTE CASTELO - 262 AP.34 - AVIACAO             11702720                                                            000032
2SR. CAIXA, APOS O VENCIMENTO COBRAR 10% DE MULTA                                NAO RECEBER APOS 30 DIAS DO VENCIMENTO.                                                                                                                                                                                                         02072000000000000000207200000000000000       0090770900066125291550072014000033
100000000000000000000009077090006612500000000000000000000000010002100001204407201800000000002            2  01012044072025072000000003053240000000001N020720000000000000000000000000000000000000000000000000000000000000000100001204431809CEZAR TALAVERA JUNIOR                   RUA MAESTRO ARTURO DE ANGELIS  - 190 AP.            05139010                                                            000035
2SR. CAIXA, APOS O VENCIMENTO COBRAR 10% DE MULTA                                NAO RECEBER APOS 30 DIAS DO VENCIMENTO.                                                                                                                                                                                                         02072000000000000000207200000000000000       0090770900066125012044072018000036
100000000000000000000009077090006612500000000000000000000000010002100004227507201700000000002            2  01042275072025072000000003957910000000001N020720000000000000000000000000000000000000000000000000000000000000000100004227553970ALESSANDRO ISRAEL GOULART               RUA PROFESSORA CARLINDA RIBEIRO - 21 - F            02866200                                                            000038
2SR. CAIXA, APOS O VENCIMENTO COBRAR 10% DE MULTA                                NAO RECEBER APOS 30 DIAS DO VENCIMENTO.                                                                                                                                                                                                         02072000000000000000207200000000000000       0090770900066125042275072017000039
100000000000000000000009077090006612500000000000000000000000010002100060811407201000000000002            2  01608114072025072000000003647670000000001N020720000000000000000000000000000000000000000000000000000000000000000100060811420868HELIO BASSI                             AV.PARIS,575 - PRACA ANTONIO FIGUEROA -             11700082                                                            000041
2SR. CAIXA, APOS O VENCIMENTO COBRAR 10% DE MULTA                                NAO RECEBER APOS 30 DIAS DO VENCIMENTO.                                                                                                                                                                                                         02072000000000000000207200000000000000       0090770900066125608114072010000042
100000000000000000000009077090006612500000000000000000000000010002100001024707201000000000002            2  01010247072025072000000003451670000000001N020720000000000000000000000000000000000000000000000000000000000000000100001024794881CLAUDIO RODRIGUES                       RUA ARACATUBA - 242 - LAPA - SAO PAULO -            05058010                                                            000044
2SR. CAIXA, APOS O VENCIMENTO COBRAR 10% DE MULTA                                NAO RECEBER APOS 30 DIAS DO VENCIMENTO.                                                                                                                                                                                                         02072000000000000000207200000000000000       0090770900066125010247072010000045
100000000000000000000009077090006612500000000000000000000000010002100002225007201100000000002            2  01022250072025072000000005291880000000001N020720000000000000000000000000000000000000000000000000000000000000000100002225072841PEDRO EDUARDO DE AZEVEDO                RUA NATH ZILMAN - 46 - JARDIM SAMAMBAIA             07623085                                                            000047
2SR. CAIXA, APOS O VENCIMENTO COBRAR 10% DE MULTA                                NAO RECEBER APOS 30 DIAS DO VENCIMENTO.                                                                                                                                                                                                         02072000000000000000207200000000000000       0090770900066125022250072011000048
100000000000000000000009077090006612500000000000000000000000010002100022037507201P00000000002            2  01220375072025072000000003682560000000001N020720000000000000000000000000000000000000000000000000000000000000000100022037552882ANDREIA CRISTINA FERNANDES DANTAS       PCA CASTRO ALVES - 163 AP.33 - VILA SAO             13224299                                                            000050
2SR. CAIXA, APOS O VENCIMENTO COBRAR 10% DE MULTA                                NAO RECEBER APOS 30 DIAS DO VENCIMENTO.                                                                                                                                                                                                         02072000000000000000207200000000000000       009077090006612522037507201P000051
100000000000000000000009077090006612500000000000000000000000010002100019288707201800000000002            2  01192887072025072000000002998430000000001N020720000000000000000000000000000000000000000000000000000000000000000100019288787844EMERSON LUIZ MARTINEZ PEREIRA           RUA MONTE CASTELO - 296 AP.74 - AVIACAO             11702720                                                            000053
2SR. CAIXA, APOS O VENCIMENTO COBRAR 10% DE MULTA                                NAO RECEBER APOS 30 DIAS DO VENCIMENTO.                                                                                                                                                                                                         02072000000000000000207200000000000000       0090770900066125192887072018000054
100000000000000000000009077090006612500000000000000000000000010002100027198407201100000000002            2  01271984072025072000000002539830000000001N020720000000000000000000000000000000000000000000000000000000000000000100027198452809CRISTIANE AURELIANO DA SILVA MAIA       RUA MONTE CASTELO - 262 AP.25 - AVIACAO             11702720                                                            000056
2SR. CAIXA, APOS O VENCIMENTO COBRAR 10% DE MULTA                                NAO RECEBER APOS 30 DIAS DO VENCIMENTO.                                                                                                                                                                                                         02072000000000000000207200000000000000       0090770900066125271984072011000057
100000000000000000000009077090006612500000000000000000000000010002100021246207201500000000002            2  01212462072025072000000003099620000000001N020720000000000000000000000000000000000000000000000000000000000000000100021246231840ALEXANDRO DA CUNHA MIGUES               RUA DULCE - 71  - VILA CARRAO - SAO PAUL            03427040                                                            000059
2SR. CAIXA, APOS O VENCIMENTO COBRAR 10% DE MULTA                                NAO RECEBER APOS 30 DIAS DO VENCIMENTO.                                                                                                                                                                                                         02072000000000000000207200000000000000       0090770900066125212462072015000060
100000000000000000000009077090006612500000000000000000000000010002100018470507201500000000002            2  01184705072025072000000004559990000000001N020720000000000000000000000000000000000000000000000000000000000000000100018470520881SILVANA ALVES DE OLIVEIRA               RUA MONTE CASTELO - 262 AP.91 - AVIACAO             11702720                                                            000062
2SR. CAIXA, APOS O VENCIMENTO COBRAR 10% DE MULTA                                NAO RECEBER APOS 30 DIAS DO VENCIMENTO.                                                                                                                                                                                                         02072000000000000000207200000000000000       0090770900066125184705072015000063
100000000000000000000009077090006612500000000000000000000000010002100009297507201500000000002            2  01092975072025072000000003174620000000001N020720000000000000000000000000000000000000000000000000000000000000000100009297523846MARCOS ROBERTO DE CASTRO FERREIRA       RUA MONTE CASTELO - 262 AP.105 - AVIACAO            11702720                                                            000065
2SR. CAIXA, APOS O VENCIMENTO COBRAR 10% DE MULTA                                NAO RECEBER APOS 30 DIAS DO VENCIMENTO.                                                                                                                                                                                                         02072000000000000000207200000000000000       0090770900066125092975072015000066
100000000000000000000009077090006612500000000000000000000000010002100001164107201400000000002            2  01011641072025072000000003934070000000001N020720000000000000000000000000000000000000000000000000000000000000000100001164158864DAVID BLEY LACERDA                      RUA CONEGO ARAUJO MARCONDES - 188 - BAIR            02550080                                                            000068
2SR. CAIXA, APOS O VENCIMENTO COBRAR 10% DE MULTA                                NAO RECEBER APOS 30 DIAS DO VENCIMENTO.                                                                                                                                                                                                         02072000000000000000207200000000000000       0090770900066125011641072014000069
100000000000000000000009077090006612500000000000000000000000010002100031498007201800000000002            2  01314980072025072000000004781290000000001N020720000000000000000000000000000000000000000000000000000000000000000100031498008895POLIANE  SIBELE DA SILVA                PRACA GENERAL COSTA BARRETO - 56 AP.181             03325070                                                            000071
2SR. CAIXA, APOS O VENCIMENTO COBRAR 10% DE MULTA                                NAO RECEBER APOS 30 DIAS DO VENCIMENTO.                                                                                                                                                                                                         02072000000000000000207200000000000000       0090770900066125314980072018000072
100000000000000000000009077090006612500000000000000000000000010002100000588107201100000000002            2  01005881072025072000000002804320000000001N020720000000000000000000000000000000000000000000000000000000000000000100000588109860JOSE LIARTE GIANTE                      AVENIDA LUIZ GONZAGA DO AMARAL - 143 - J            09320630                                                            000074
2SR. CAIXA, APOS O VENCIMENTO COBRAR 10% DE MULTA                                NAO RECEBER APOS 30 DIAS DO VENCIMENTO.                                                                                                                                                                                                         02072000000000000000207200000000000000       0090770900066125005881072011000075
100000000000000000000009077090006612500000000000000000000000010002100014386807201400000000002            2  01143868072025072000000002243340000000001N020720000000000000000000000000000000000000000000000000000000000000000100014386860134SEVERINO CARLOS DE OLIVEIRA             RUA MONTE CASTELO - 262 AP.54 - AVIACAO             11702720                                                            000077
2SR. CAIXA, APOS O VENCIMENTO COBRAR 10% DE MULTA                                NAO RECEBER APOS 30 DIAS DO VENCIMENTO.                                                                                                                                                                                                         02072000000000000000207200000000000000       0090770900066125143868072014000078
100000000000000000000009077090006612500000000000000000000000010002100039393707201P00000000002            2  01393937072025072000000001546120000000001N020720000000000000000000000000000000000000000000000000000000000000000100039393790850NAIRON RICARDO DE ARAUJO SANTOS         RUA NITEROI - 267 CASA 04 - JARDIM INDEP            11380350                                                            000080
2SR. CAIXA, APOS O VENCIMENTO COBRAR 10% DE MULTA                                NAO RECEBER APOS 30 DIAS DO VENCIMENTO.                                                                                                                                                                                                         02072000000000000000207200000000000000       009077090006612539393707201P000081
100000000000000000000009077090006612500000000000000000000000010002100041896807201000000000002            2  01418968072025072000000002251680000000001N020720000000000000000000000000000000000000000000000000000000000000000100041896807968SERGIO ROBERTO DA SILVA                 RUA DOS INGLESES - 542 AP.61 - MORRO DOS            01329000                                                            000083
2SR. CAIXA, APOS O VENCIMENTO COBRAR 10% DE MULTA                                NAO RECEBER APOS 30 DIAS DO VENCIMENTO.                                                                                                                                                                                                         02072000000000000000207200000000000000       0090770900066125418968072010000084
100000000000000000000009077090006612500000000000000000000000010002100004735207201900000000002            2  01047352072025072000000001594870000000001N020720000000000000000000000000000000000000000000000000000000000000000100004735273832DARIO LUIZ GONCALVES                    RUA MONTE CASTELO - 295 AP.113 - AVIACAO            11702720                                                            000086
2SR. CAIXA, APOS O VENCIMENTO COBRAR 10% DE MULTA                                NAO RECEBER APOS 30 DIAS DO VENCIMENTO.                                                                                                                                                                                                         02072000000000000000207200000000000000       0090770900066125047352072019000087
9                                                                                                                                                                                                                                                                                                                                                                                                         000088