01REMESSA01COBRANCA       00000000000005316116AIRES CONSTRUTORA E INCORPORAD237BRADESCO       010922        MX0000201                                                                                                                                                                                                                                                                                     000001
100000000000000000000009002800441612000000000000000000000000010002100025215109221900000000002            2  01252151092210092200000003122230000000001N010922000000000000000000000000000000000000000000000000000000000000000100025215106886KLEBER LUIZ DOS SANTOS                  RUA MONTE CASTELO - 262 AP.15 - AVIACAO             11702720                                                            000002
2SR. CAIXA, APOS O VENCIMENTO COBRAR 10% DE MULTA                                NAO RECEBER APOS 30 DIAS DO VENCIMENTO.                                                                                                                                                                                                         01092200000000000000109220000000000000       0090028004416120252151092219000003
100000000000000000000009002800441612000000000000000000000000010002100029150709221400000000002            2  01291507092210092200000004082080000000001N010922000000000000000000000000000000000000000000000000000000000000000100029150742833ANA DEISE SANTOS DE ALMEIDA             RUA MONTE CASTELO - 296 AP.121 - AVIACAO            11702720                                                            000005
2SR. CAIXA, APOS O VENCIMENTO COBRAR 10% DE MULTA                                NAO RECEBER APOS 30 DIAS DO VENCIMENTO.                                                                                                                                                                                                         01092200000000000000109220000000000000       0090028004416120291507092214000006
100000000000000000000009002800441612000000000000000000000000010002100000811709221P00000000002            2  01008117092210092200000003362350000000001N010922000000000000000000000000000000000000000000000000000000000000000100000811752801SERGIO BUENO DA SILVA                   RUA MONTE CASTELO - 262 AP.75 - AVIACAO             11702720                                                            000008
2SR. CAIXA, APOS O VENCIMENTO COBRAR 10% DE MULTA                                NAO RECEBER APOS 30 DIAS DO VENCIMENTO.                                                                                                                                                                                                         01092200000000000000109220000000000000       009002800441612000811709221P000009
100000000000000000000009002800441612000000000000000000000000010002100018344809221600000000002            2  01183448092210092200000004571960000000001N010922000000000000000000000000000000000000000000000000000000000000000100018344803888MARCELO BERNARDO                        RUA MONTE CASTELO - 262 AP.84 - AVIACAO             11702720                                                            000011
2SR. CAIXA, APOS O VENCIMENTO COBRAR 10% DE MULTA                                NAO RECEBER APOS 30 DIAS DO VENCIMENTO.                                                                                                                                                                                                         01092200000000000000109220000000000000       0090028004416120183448092216000012
100000000000000000000009002800441612000000000000000000000000010002100031803809221100000000002            2  01318038092210092200000003692090000000001N010922000000000000000000000000000000000000000000000000000000000000000100031803864877ELEILSON FELIPPE SANTOS                 RUA SANTA GREGORIA - 193 - CIDADE DUTRA             04806030                                                            000014
2SR. CAIXA, APOS O VENCIMENTO COBRAR 10% DE MULTA                                NAO RECEBER APOS 30 DIAS DO VENCIMENTO.                                                                                                                                                                                                         01092200000000000000109220000000000000       0090028004416120318038092211000015
100000000000000000000009002800441612000000000000000000000000010002100063064509221600000000002            2  01630645092210092200000004399770000000001N010922000000000000000000000000000000000000000000000000000000000000000100063064537849ANTONIO APARECIDO DA SILVA DESTEFANO    RUA PROFESSOR TEODORO BRAGA - 46 - VILA             02966020                                                            000017
2SR. CAIXA, APOS O VENCIMENTO COBRAR 10% DE MULTA                                NAO RECEBER APOS 30 DIAS DO VENCIMENTO.                                                                                                                                                                                                         01092200000000000000109220000000000000       0090028004416120630645092216000018
100000000000000000000009002800441612000000000000000000000000010002100005920509221500000000002            2  01059205092210092200000002561580000000001N010922000000000000000000000000000000000000000000000000000000000000000100005920579846SONIA MARIA VALDO POLLO                 RUA PALMIRA CERVI BARBARO - 797 - CIDADE            13214370                                                            000020
2SR. CAIXA, APOS O VENCIMENTO COBRAR 10% DE MULTA                                NAO RECEBER APOS 30 DIAS DO VENCIMENTO.                                                                                                                                                                                                         01092200000000000000109220000000000000       0090028004416120059205092215000021
100000000000000000000009002800441612000000000000000000000000010002100002494109221600000000002            2  01024941092210092200000003851440000000001N010922000000000000000000000000000000000000000000000000000000000000000100002494107881CIRO FRANCISCO MARCHI DURIGON           RUA MONTE CASTELO - 262 AP.115 - AVIACAO            11702720                                                            000023
2SR. CAIXA, APOS O VENCIMENTO COBRAR 10% DE MULTA                                NAO RECEBER APOS 30 DIAS DO VENCIMENTO.                                                                                                                                                                                                         01092200000000000000109220000000000000       0090028004416120024941092216000024
100000000000000000000009002800441612000000000000000000000000010002100016299009221700000000002            2  01162990092210092200000003649840000000001N010922000000000000000000000000000000000000000000000000000000000000000100016299008857FERNANDO CESAR CARVALHO                 AVENIDA MARCONDES DE BRITO - 1340 AP.74             03509000                                                            000026
2SR. CAIXA, APOS O VENCIMENTO COBRAR 10% DE MULTA                                NAO RECEBER APOS 30 DIAS DO VENCIMENTO.                                                                                                                                                                                                         01092200000000000000109220000000000000       0090028004416120162990092217000027
100000000000000000000009002800441612000000000000000000000000010002100055975309221800000000002            2  01559753092210092200000000833490000000001N010922000000000000000000000000000000000000000000000000000000000000000100055975372887BENEVENUTO THEODORO DA SILVA NETO       RUA MONTE CASTELO - 296 AP.63 - AVIACAO             11702720                                                            000029
2SR. CAIXA, APOS O VENCIMENTO COBRAR 10% DE MULTA                                NAO RECEBER APOS 30 DIAS DO VENCIMENTO.                                                                                                                                                                                                         01092200000000000000109220000000000000       0090028004416120559753092218000030
9                                                                                                                                                                                                                                                                                                                                                                                                         000031