01REMESSA01COBRANCA       00000000000005316116AIRES CONSTRUTORA E INCORPORAD237BRADESCO       090323        MX0000214                                                                                                                                                                                                                                                                                     000001
100000000000000000000009002800441612000000000000000000000000010002100001204403231800000000002            2  01012044032325032300000003660840000000001N070323000000000000000000000000000000000000000000000000000000000000000100001204431809CEZAR TALAVERA JUNIOR                   RUA MAESTRO ARTURO DE ANGELIS  - 190 AP.            05139010                                                            000002
2SR. CAIXA, APOS O VENCIMENTO COBRAR 10% DE MULTA                                NAO RECEBER APOS 30 DIAS DO VENCIMENTO.                                                                                                                                                                                                         09032300000000000000903230000000000000       0090028004416120012044032318000003
100000000000000000000009002800441612000000000000000000000000010002100027198403231100000000002            2  01271984032325032300000003045230000000001N070323000000000000000000000000000000000000000000000000000000000000000100027198452809CRISTIANE AURELIANO DA SILVA MAIA       RUA MONTE CASTELO - 262 AP.25 - AVIACAO             11702720                                                            000005
2SR. CAIXA, APOS O VENCIMENTO COBRAR 10% DE MULTA                                NAO RECEBER APOS 30 DIAS DO VENCIMENTO.                                                                                                                                                                                                         09032300000000000000903230000000000000       0090028004416120271984032311000006
100000000000000000000009002800441612000000000000000000000000010002100018470503231500000000002            2  01184705032325032300000005467430000000001N070323000000000000000000000000000000000000000000000000000000000000000100018470520881SILVANA ALVES DE OLIVEIRA               RUA MONTE CASTELO - 262 AP.91 - AVIACAO             11702720                                                            000008
2SR. CAIXA, APOS O VENCIMENTO COBRAR 10% DE MULTA                                NAO RECEBER APOS 30 DIAS DO VENCIMENTO.                                                                                                                                                                                                         09032300000000000000903230000000000000       0090028004416120184705032315000009
100000000000000000000009002800441612000000000000000000000000010002100009297503231500000000002            2  01092975032325032300000003806350000000001N070323000000000000000000000000000000000000000000000000000000000000000100009297523846MARCOS ROBERTO DE CASTRO FERREIRA       RUA MONTE CASTELO - 262 AP.105 - AVIACAO            11702720                                                            000011
2SR. CAIXA, APOS O VENCIMENTO COBRAR 10% DE MULTA                                NAO RECEBER APOS 30 DIAS DO VENCIMENTO.                                                                                                                                                                                                         09032300000000000000903230000000000000       0090028004416120092975032315000012
100000000000000000000009002800441612000000000000000000000000010002100001164103231400000000002            2  01011641032325032300000004716940000000001N070323000000000000000000000000000000000000000000000000000000000000000100001164158864DAVID BLEY LACERDA                      RUA CONEGO ARAUJO MARCONDES - 188 - BAIR            02550080                                                            000014
2SR. CAIXA, APOS O VENCIMENTO COBRAR 10% DE MULTA                                NAO RECEBER APOS 30 DIAS DO VENCIMENTO.                                                                                                                                                                                                         09032300000000000000903230000000000000       0090028004416120011641032314000015
100000000000000000000009002800441612000000000000000000000000010002100031498003231800000000002            2  01314980032325032300000005732770000000001N070323000000000000000000000000000000000000000000000000000000000000000100031498008895POLIANE  SIBELE DA SILVA                PRACA GENERAL COSTA BARRETO - 56 AP.181             03325070                                                            000017
2SR. CAIXA, APOS O VENCIMENTO COBRAR 10% DE MULTA                                NAO RECEBER APOS 30 DIAS DO VENCIMENTO.                                                                                                                                                                                                         09032300000000000000903230000000000000       0090028004416120314980032318000018
100000000000000000000009002800441612000000000000000000000000010002100014386803231400000000002            2  01143868032325032300000002689770000000001N070323000000000000000000000000000000000000000000000000000000000000000100014386860134SEVERINO CARLOS DE OLIVEIRA             RUA MONTE CASTELO - 262 AP.54 - AVIACAO             11702720                                                            000020
2SR. CAIXA, APOS O VENCIMENTO COBRAR 10% DE MULTA                                NAO RECEBER APOS 30 DIAS DO VENCIMENTO.                                                                                                                                                                                                         09032300000000000000903230000000000000       0090028004416120143868032314000021
100000000000000000000009002800441612000000000000000000000000010002100039393703231P00000000002            2  01393937032325032300000001853850000000001N070323000000000000000000000000000000000000000000000000000000000000000100039393790850NAIRON RICARDO DE ARAUJO SANTOS         RUA NITEROI - 267 CASA 04 - JARDIM INDEP            11380350                                                            000023
2SR. CAIXA, APOS O VENCIMENTO COBRAR 10% DE MULTA                                NAO RECEBER APOS 30 DIAS DO VENCIMENTO.                                                                                                                                                                                                         09032300000000000000903230000000000000       009002800441612039393703231P000024
100000000000000000000009002800441612000000000000000000000000010002100019288703231800000000002            2  01192887032325032300000002496610000000001N070323000000000000000000000000000000000000000000000000000000000000000100019288787844EMERSON LUIZ MARTINEZ PEREIRA           RUA MONTE CASTELO - 296 AP.74 - AVIACAO             11702720                                                            000026
2SR. CAIXA, APOS O VENCIMENTO COBRAR 10% DE MULTA                                NAO RECEBER APOS 30 DIAS DO VENCIMENTO.                                                                                                                                                                                                         09032300000000000000903230000000000000       0090028004416120192887032318000027
9                                                                                                                                                                                                                                                                                                                                                                                                         000028