01REMESSA01COBRANCA       00000000000005316116AIRES CONSTRUTORA E INCORPORAD237BRADESCO       070122        MX0000186                                                                                                                                                                                                                                                                                     000001
100000000000000000000009002800441612000000000000000000000000010002100023132601221600000000002            2  01231326012225012200000002362330000000001N070122000000000000000000000000000000000000000000000000000000000000000100023132672882LEANDRO MORENO                          RUA MONTE CASTELO - 296 AP.64 - AVIACAO             11702720                                                            000002
2SR. CAIXA, APOS O VENCIMENTO COBRAR 10% DE MULTA                                NAO RECEBER APOS 30 DIAS DO VENCIMENTO.                                                                                                                                                                                                         07012200000000000000701220000000000000       0090028004416120231326012216000003
100000000000000000000009002800441612000000000000000000000000010002100000666301221600000000002            2  01006663012225012200000003886620000000001N070122000000000000000000000000000000000000000000000000000000000000000100000666344825LUIZ HENRIQUE DE CAMPOS                 RUA JOAO CARLOS CAVALCANTI REIS - 21 - J            02281206                                                            000005
2SR. CAIXA, APOS O VENCIMENTO COBRAR 10% DE MULTA                                NAO RECEBER APOS 30 DIAS DO VENCIMENTO.                                                                                                                                                                                                         07012200000000000000701220000000000000       0090028004416120006663012216000006
100000000000000000000009002800441612000000000000000000000000010002100029155001221600000000002            2  01291550012225012200000004104390000000001N070122000000000000000000000000000000000000000000000000000000000000000100029155026842DANIELA YOSHIDA                         RUA MONTE CASTELO - 262 AP.34 - AVIACAO             11702720                                                            000008
2SR. CAIXA, APOS O VENCIMENTO COBRAR 10% DE MULTA                                NAO RECEBER APOS 30 DIAS DO VENCIMENTO.                                                                                                                                                                                                         07012200000000000000701220000000000000       0090028004416120291550012216000009
100000000000000000000009002800441612000000000000000000000000010002100001204401221P00000000002            2  01012044012225012200000003342480000000001N070122000000000000000000000000000000000000000000000000000000000000000100001204431809CEZAR TALAVERA JUNIOR                   RUA MAESTRO ARTURO DE ANGELIS  - 190 AP.            05139010                                                            000011
2SR. CAIXA, APOS O VENCIMENTO COBRAR 10% DE MULTA                                NAO RECEBER APOS 30 DIAS DO VENCIMENTO.                                                                                                                                                                                                         07012200000000000000701220000000000000       009002800441612001204401221P000012
100000000000000000000009002800441612000000000000000000000000010002100004227501221900000000002            2  01042275012225012200000004332860000000001N070122000000000000000000000000000000000000000000000000000000000000000100004227553970ALESSANDRO ISRAEL GOULART               RUA PROFESSORA CARLINDA RIBEIRO - 21 - F            02866200                                                            000014
2SR. CAIXA, APOS O VENCIMENTO COBRAR 10% DE MULTA                                NAO RECEBER APOS 30 DIAS DO VENCIMENTO.                                                                                                                                                                                                         07012200000000000000701220000000000000       0090028004416120042275012219000015
100000000000000000000009002800441612000000000000000000000000010002100001024701221200000000002            2  01010247012225012200000003778630000000001N070122000000000000000000000000000000000000000000000000000000000000000100001024794881CLAUDIO RODRIGUES                       RUA ARACATUBA - 242 - LAPA - SAO PAULO -            05058010                                                            000017
2SR. CAIXA, APOS O VENCIMENTO COBRAR 10% DE MULTA                                NAO RECEBER APOS 30 DIAS DO VENCIMENTO.                                                                                                                                                                                                         07012200000000000000701220000000000000       0090028004416120010247012212000018
100000000000000000000009002800441612000000000000000000000000010002100002225001221300000000002            2  01022250012225012200000005793150000000001N070122000000000000000000000000000000000000000000000000000000000000000100002225072841PEDRO EDUARDO DE AZEVEDO                RUA NATH ZILMAN - 46 - JARDIM SAMAMBAIA             07623085                                                            000020
2SR. CAIXA, APOS O VENCIMENTO COBRAR 10% DE MULTA                                NAO RECEBER APOS 30 DIAS DO VENCIMENTO.                                                                                                                                                                                                         07012200000000000000701220000000000000       0090028004416120022250012213000021
100000000000000000000009002800441612000000000000000000000000010002100022037501221100000000002            2  01220375012225012200000004031390000000001N070122000000000000000000000000000000000000000000000000000000000000000100022037552882ANDREIA CRISTINA FERNANDES DANTAS       PCA CASTRO ALVES - 163 AP.33 - VILA SAO             13224299                                                            000023
2SR. CAIXA, APOS O VENCIMENTO COBRAR 10% DE MULTA                                NAO RECEBER APOS 30 DIAS DO VENCIMENTO.                                                                                                                                                                                                         07012200000000000000701220000000000000       0090028004416120220375012211000024
100000000000000000000009002800441612000000000000000000000000010002100027198401221300000000002            2  01271984012225012200000002780430000000001N070122000000000000000000000000000000000000000000000000000000000000000100027198452809CRISTIANE AURELIANO DA SILVA MAIA       RUA MONTE CASTELO - 262 AP.25 - AVIACAO             11702720                                                            000026
2SR. CAIXA, APOS O VENCIMENTO COBRAR 10% DE MULTA                                NAO RECEBER APOS 30 DIAS DO VENCIMENTO.                                                                                                                                                                                                         07012200000000000000701220000000000000       0090028004416120271984012213000027
100000000000000000000009002800441612000000000000000000000000010002100021246201221700000000002            2  01212462012225012200000003393250000000001N070122000000000000000000000000000000000000000000000000000000000000000100021246231840ALEXANDRO DA CUNHA MIGUES               RUA DULCE - 71  - VILA CARRAO - SAO PAUL            03427040                                                            000029
2SR. CAIXA, APOS O VENCIMENTO COBRAR 10% DE MULTA                                NAO RECEBER APOS 30 DIAS DO VENCIMENTO.                                                                                                                                                                                                         07012200000000000000701220000000000000       0090028004416120212462012217000030
100000000000000000000009002800441612000000000000000000000000010002100018470501221700000000002            2  01184705012225012200000004991970000000001N070122000000000000000000000000000000000000000000000000000000000000000100018470520881SILVANA ALVES DE OLIVEIRA               RUA MONTE CASTELO - 262 AP.91 - AVIACAO             11702720                                                            000032
2SR. CAIXA, APOS O VENCIMENTO COBRAR 10% DE MULTA                                NAO RECEBER APOS 30 DIAS DO VENCIMENTO.                                                                                                                                                                                                         07012200000000000000701220000000000000       0090028004416120184705012217000033
100000000000000000000009002800441612000000000000000000000000010002100009297501221700000000002            2  01092975012225012200000003475340000000001N070122000000000000000000000000000000000000000000000000000000000000000100009297523846MARCOS ROBERTO DE CASTRO FERREIRA       RUA MONTE CASTELO - 262 AP.105 - AVIACAO            11702720                                                            000035
2SR. CAIXA, APOS O VENCIMENTO COBRAR 10% DE MULTA                                NAO RECEBER APOS 30 DIAS DO VENCIMENTO.                                                                                                                                                                                                         07012200000000000000701220000000000000       0090028004416120092975012217000036
100000000000000000000009002800441612000000000000000000000000010002100001164101221600000000002            2  01011641012225012200000004306750000000001N070122000000000000000000000000000000000000000000000000000000000000000100001164158864DAVID BLEY LACERDA                      RUA CONEGO ARAUJO MARCONDES - 188 - BAIR            02550080                                                            000038
2SR. CAIXA, APOS O VENCIMENTO COBRAR 10% DE MULTA                                NAO RECEBER APOS 30 DIAS DO VENCIMENTO.                                                                                                                                                                                                         07012200000000000000701220000000000000       0090028004416120011641012216000039
100000000000000000000009002800441612000000000000000000000000010002100031498001221P00000000002            2  01314980012225012200000005234230000000001N070122000000000000000000000000000000000000000000000000000000000000000100031498008895POLIANE  SIBELE DA SILVA                PRACA GENERAL COSTA BARRETO - 56 AP.181             03325070                                                            000041
2SR. CAIXA, APOS O VENCIMENTO COBRAR 10% DE MULTA                                NAO RECEBER APOS 30 DIAS DO VENCIMENTO.                                                                                                                                                                                                         07012200000000000000701220000000000000       009002800441612031498001221P000042
100000000000000000000009002800441612000000000000000000000000010002100000588101221300000000002            2  01005881012225012200000003069980000000001N070122000000000000000000000000000000000000000000000000000000000000000100000588109860JOSE LIARTE GIANTE                      AVENIDA LUIZ GONZAGA DO AMARAL - 143 - J            09320630                                                            000044
2SR. CAIXA, APOS O VENCIMENTO COBRAR 10% DE MULTA                                NAO RECEBER APOS 30 DIAS DO VENCIMENTO.                                                                                                                                                                                                         07012200000000000000701220000000000000       0090028004416120005881012213000045
100000000000000000000009002800441612000000000000000000000000010002100014386801221600000000002            2  01143868012225012200000014794460000000001N070122000000000000000000000000000000000000000000000000000000000000000100014386860134SEVERINO CARLOS DE OLIVEIRA             RUA MONTE CASTELO - 262 AP.54 - AVIACAO             11702720                                                            000047
2SR. CAIXA, APOS O VENCIMENTO COBRAR 10% DE MULTA                                NAO RECEBER APOS 30 DIAS DO VENCIMENTO.                                                                                                                                                                                                         07012200000000000000701220000000000000       0090028004416120143868012216000048
100000000000000000000009002800441612000000000000000000000000010002100014386801222400000000002            2  01143868012225012200000002455860000000001N070122000000000000000000000000000000000000000000000000000000000000000100014386860134SEVERINO CARLOS DE OLIVEIRA             RUA MONTE CASTELO - 262 AP.54 - AVIACAO             11702720                                                            000050
2SR. CAIXA, APOS O VENCIMENTO COBRAR 10% DE MULTA                                NAO RECEBER APOS 30 DIAS DO VENCIMENTO.                                                                                                                                                                                                         07012200000000000000701220000000000000       0090028004416120143868012224000051
100000000000000000000009002800441612000000000000000000000000010002100039393701221100000000002            2  01393937012225012200000001692620000000001N070122000000000000000000000000000000000000000000000000000000000000000100039393790850NAIRON RICARDO DE ARAUJO SANTOS         RUA NITEROI - 267 CASA 04 - JARDIM INDEP            11380350                                                            000053
2SR. CAIXA, APOS O VENCIMENTO COBRAR 10% DE MULTA                                NAO RECEBER APOS 30 DIAS DO VENCIMENTO.                                                                                                                                                                                                         07012200000000000000701220000000000000       0090028004416120393937012211000054
100000000000000000000009002800441612000000000000000000000000010002100019288701221P00000000002            2  01192887012225012200000002279490000000001N070122000000000000000000000000000000000000000000000000000000000000000100019288787844EMERSON LUIZ MARTINEZ PEREIRA           RUA MONTE CASTELO - 296 AP.74 - AVIACAO             11702720                                                            000056
2SR. CAIXA, APOS O VENCIMENTO COBRAR 10% DE MULTA                                NAO RECEBER APOS 30 DIAS DO VENCIMENTO.                                                                                                                                                                                                         07012200000000000000701220000000000000       009002800441612019288701221P000057
9                                                                                                                                                                                                                                                                                                                                                                                                         000058