01REMESSA01COBRANCA       00000000000008017025HB SANTOS CONSTRUTORA E INCORP237BRADESCO       010222        MX0000146                                                                                                                                                                                                                                                                                     000001
100000000000000000000009033990000627000000000000000000000000010002020016479002221700000000002            2  01164790022209022200000004682680000000001N010222000000000000000000000000000000000000000000000000000000000000000100016479002806LOURDES PEREIRA DE QUEIROZ SECANECHIA   RUA PAULINO CURSI - 437 - CIDADE SAO MAT            03960060                                                            000002
2SR. CAIXA, APOS O VENCIMENTO COBRAR 2% DE MULTA                                 NAO RECEBER APOS 30 DIAS DO VENCIMENTO.                                                                                                                                                                                                         01022200000000000000102220000000000000       0090339900006270164790022217000003
100000000000000000000009033990000627000000000000000000000000010002020009361402221400000000002            2  01093614022209022200000003399640000000001N010222000000000000000000000000000000000000000000000000000000000000000100009361471805JOSE BARBOSA DA SILVA                   RUA ALFREDO INACIO TRINDADE  - 60 AP.44             02344100                                                            000005
2SR. CAIXA, APOS O VENCIMENTO COBRAR 2% DE MULTA                                 NAO RECEBER APOS 30 DIAS DO VENCIMENTO.                                                                                                                                                                                                         01022200000000000000102220000000000000       0090339900006270093614022214000006
100000000000000000000009033990000627000000000000000000000000010002020012756902221800000000002            2  01127569022209022200000002934630000000001N010222000000000000000000000000000000000000000000000000000000000000000100012756959812ITAMAR JUVENAL DIAS DA SILVA            RUA ELISEU REINALDO MORAES VIEIRA - 90 A            02858000                                                            000008
2SR. CAIXA, APOS O VENCIMENTO COBRAR 2% DE MULTA                                 NAO RECEBER APOS 30 DIAS DO VENCIMENTO.                                                                                                                                                                                                         01022200000000000000102220000000000000       0090339900006270127569022218000009
100000000000000000000009033990000627000000000000000000000000010002020029433602221100000000002            2  01294336022211022200000002433560000000001N010222000000000000000000000000000000000000000000000000000000000000000100029433631897MARIO MUNIZ                             RUA JOSE CALIXTO DO CARMO - 286 AP.53 -             11702690                                                            000011
2SR. CAIXA, APOS O VENCIMENTO COBRAR 2% DE MULTA                                 NAO RECEBER APOS 30 DIAS DO VENCIMENTO.                                                                                                                                                                                                         01022200000000000000102220000000000000       0090339900006270294336022211000012
100000000000000000000009033990000627000000000000000000000000010002020005029802221400000000002            2  01050298022209022200000002992030000000001N010222000000000000000000000000000000000000000000000000000000000000000100005029828885LAURINETE DA CONCEICAO DE NORONHA       RUA MARIA LUCIA DE TOLEDO LEITE MORAES -            04434040                                                            000014
2SR. CAIXA, APOS O VENCIMENTO COBRAR 2% DE MULTA                                 NAO RECEBER APOS 30 DIAS DO VENCIMENTO.                                                                                                                                                                                                         01022200000000000000102220000000000000       0090339900006270050298022214000015
100000000000000000000009033990000627000000000000000000000000010002020013388902221600000000002            2  01133889022211022200000002372330000000001N010222000000000000000000000000000000000000000000000000000000000000000100013388936889NEUTON DE SOUZA RAMOS                   RUA MARIA CRISTINA - 932 - JARDIM CASQUE            11533160                                                            000017
2SR. CAIXA, APOS O VENCIMENTO COBRAR 2% DE MULTA                                 NAO RECEBER APOS 30 DIAS DO VENCIMENTO.                                                                                                                                                                                                         01022200000000000000102220000000000000       0090339900006270133889022216000018
100000000000000000000009033990000627000000000000000000000000010002020012774902221600000000002            2  01127749022211022200000002416880000000001N010222000000000000000000000000000000000000000000000000000000000000000100012774906865JOSE MILTON SANTIAGO                    RUA BATATAIS - 47 - CIDADE ESTELA - POA             08563140                                                            000020
2SR. CAIXA, APOS O VENCIMENTO COBRAR 2% DE MULTA                                 NAO RECEBER APOS 30 DIAS DO VENCIMENTO.                                                                                                                                                                                                         01022200000000000000102220000000000000       0090339900006270127749022216000021
100000000000000000000009033990000627000000000000000000000000010002020016294102221100000000002            2  01162941022209022200000002970560000000001N010222000000000000000000000000000000000000000000000000000000000000000100016294119812JURACY FELIX DE ARRUDA                  RUA CARLOS JOSE BORSTENS - 50 AP.23 - AV            11702750                                                            000023
2SR. CAIXA, APOS O VENCIMENTO COBRAR 2% DE MULTA                                 NAO RECEBER APOS 30 DIAS DO VENCIMENTO.                                                                                                                                                                                                         01022200000000000000102220000000000000       0090339900006270162941022211000024
100000000000000000000009033990000627000000000000000000000000010002020005613802221600000000002            2  01056138022211022200000002222850000000001N010222000000000000000000000000000000000000000000000000000000000000000100005613843805NILZA MARIA DE OLIVEIRA                 RUA JOSE GONCALVES DE FREITAS - 66 C2 -             08210550                                                            000026
2SR. CAIXA, APOS O VENCIMENTO COBRAR 2% DE MULTA                                 NAO RECEBER APOS 30 DIAS DO VENCIMENTO.                                                                                                                                                                                                         01022200000000000000102220000000000000       0090339900006270056138022216000027
100000000000000000000009033990000627000000000000000000000000010002020007574902221600000000002            2  01075749022211022200000002281700000000001N010222000000000000000000000000000000000000000000000000000000000000000100007574936889JORGE LUCIANO PEREIRA BORRIELLO         RUA JOSE CALIXTO DO CARMO - 286 AP.54 -             11702690                                                            000029
2SR. CAIXA, APOS O VENCIMENTO COBRAR 2% DE MULTA                                 NAO RECEBER APOS 30 DIAS DO VENCIMENTO.                                                                                                                                                                                                         01022200000000000000102220000000000000       0090339900006270075749022216000030
100000000000000000000009033990000627000000000000000000000000010002020008214902221900000000002            2  01082149022211022200000002316310000000001N010222000000000000000000000000000000000000000000000000000000000000000100008214973830JAMIL CHALA                             RUA JOSE CALIXTO DO CARMO - 286 AP.22 -             11702690                                                            000032
2SR. CAIXA, APOS O VENCIMENTO COBRAR 2% DE MULTA                                 NAO RECEBER APOS 30 DIAS DO VENCIMENTO.                                                                                                                                                                                                         01022200000000000000102220000000000000       0090339900006270082149022219000033
100000000000000000000009033990000627000000000000000000000000010002020032495002221600000000002            2  01324950022211022200000002595730000000001N010222000000000000000000000000000000000000000000000000000000000000000100032495004881PAULO EDUARDO DOS SANTOS                RUA REPUBLICA DO IRAQUE - 1119 - CAMPO B            04611002                                                            000035
2SR. CAIXA, APOS O VENCIMENTO COBRAR 2% DE MULTA                                 NAO RECEBER APOS 30 DIAS DO VENCIMENTO.                                                                                                                                                                                                         01022200000000000000102220000000000000       0090339900006270324950022216000036
100000000000000000000009033990000627000000000000000000000000010002020016498002221300000000002            2  01164980022211022200000002276530000000001N010222000000000000000000000000000000000000000000000000000000000000000100016498053810GILMA CEZARIO GARCIA CORRITORI          RUA LAURENTINO XAVIER DOS SANTOS - 336 -            08240740                                                            000038
2SR. CAIXA, APOS O VENCIMENTO COBRAR 2% DE MULTA                                 NAO RECEBER APOS 30 DIAS DO VENCIMENTO.                                                                                                                                                                                                         01022200000000000000102220000000000000       0090339900006270164980022213000039
100000000000000000000009033990000627000000000000000000000000010002020029339002221200000000002            2  01293390022211022200000002434360000000001N010222000000000000000000000000000000000000000000000000000000000000000100029339051831RONALD DIDOFF                           RUA CORONEL FERREIRA BRAGA - 188 - VILA             03522010                                                            000041
2SR. CAIXA, APOS O VENCIMENTO COBRAR 2% DE MULTA                                 NAO RECEBER APOS 30 DIAS DO VENCIMENTO.                                                                                                                                                                                                         01022200000000000000102220000000000000       0090339900006270293390022212000042
100000000000000000000009033990000627000000000000000000000000010002020017357802221400000000002            2  01173578022211022200000002578200000000001N010222000000000000000000000000000000000000000000000000000000000000000100017357859894MARCIO GUIMARAES                        RUA GENERAL CAMARA - 188 SALA 11 - CENTR            11010120                                                            000044
2SR. CAIXA, APOS O VENCIMENTO COBRAR 2% DE MULTA                                 NAO RECEBER APOS 30 DIAS DO VENCIMENTO.                                                                                                                                                                                                         01022200000000000000102220000000000000       0090339900006270173578022214000045
100000000000000000000009033990000627000000000000000000000000010002020010563002221400000000002            2  01105630022211022200000002644090000000001N010222000000000000000000000000000000000000000000000000000000000000000100010563033878VERA LUCIA RIBEIRO LONGANEZI            RUA DOS CAMARES - 150 AP.24 BL.02 - CARA            02068030                                                            000047
2SR. CAIXA, APOS O VENCIMENTO COBRAR 2% DE MULTA                                 NAO RECEBER APOS 30 DIAS DO VENCIMENTO.                                                                                                                                                                                                         01022200000000000000102220000000000000       0090339900006270105630022214000048
100000000000000000000009033990000627000000000000000000000000010002020005529602221900000000002            2  01055296022211022200000002399430000000001N010222000000000000000000000000000000000000000000000000000000000000000100005529616801JOAQUIM JORGE DA COSTA                  RUA JOSE CALIXTO DO CARMO - 286 AP.106 -            11702690                                                            000050
2SR. CAIXA, APOS O VENCIMENTO COBRAR 2% DE MULTA                                 NAO RECEBER APOS 30 DIAS DO VENCIMENTO.                                                                                                                                                                                                         01022200000000000000102220000000000000       0090339900006270055296022219000051
100000000000000000000009033990000627000000000000000000000000010002020015550702221500000000002            2  01155507022209022200000002267950000000001N010222000000000000000000000000000000000000000000000000000000000000000100015550706806MARY MIWA                               RUA CARLOS JOSE BORSTENS - 50 AP.105 - A            11702750                                                            000053
2SR. CAIXA, APOS O VENCIMENTO COBRAR 2% DE MULTA                                 NAO RECEBER APOS 30 DIAS DO VENCIMENTO.                                                                                                                                                                                                         01022200000000000000102220000000000000       0090339900006270155507022215000054
100000000000000000000009033990000627000000000000000000000000010002020015464602221500000000002            2  01154646022211022200000002522370000000001N010222000000000000000000000000000000000000000000000000000000000000000100015464647864SONIA TERESA VOLPATO                    RUA JOSE CALIXTO DO CARMO - 286 AP.73 -             11702690                                                            000056
2SR. CAIXA, APOS O VENCIMENTO COBRAR 2% DE MULTA                                 NAO RECEBER APOS 30 DIAS DO VENCIMENTO.                                                                                                                                                                                                         01022200000000000000102220000000000000       0090339900006270154646022215000057
100000000000000000000009033990000627000000000000000000000000010002020008657802221400000000002            2  01086578022211022200000002497040000000001N010222000000000000000000000000000000000000000000000000000000000000000100008657886855ARLINDO DA CRUZ                         AVENIDA ARICANDUVA - 8.256 AP.54 BL.10 -            03951220                                                            000059
2SR. CAIXA, APOS O VENCIMENTO COBRAR 2% DE MULTA                                 NAO RECEBER APOS 30 DIAS DO VENCIMENTO.                                                                                                                                                                                                         01022200000000000000102220000000000000       0090339900006270086578022214000060
100000000000000000000009033990000627000000000000000000000000010002020059735102221200000000002            2  01597351022209022200000001411470000000001N010222000000000000000000000000000000000000000000000000000000000000000100059735180863HELIO JOSE MARQUES                      RUA MARTIM AFONSO DE SOUZA - 1007 AP.102            11702790                                                            000062
2SR. CAIXA, APOS O VENCIMENTO COBRAR 2% DE MULTA                                 NAO RECEBER APOS 30 DIAS DO VENCIMENTO.                                                                                                                                                                                                         01022200000000000000102220000000000000       0090339900006270597351022212000063
100000000000000000000009033990000627000000000000000000000000010002020026347802221600000000002            2  01263478022211022200000002669280000000001N010222000000000000000000000000000000000000000000000000000000000000000100026347872862VALDECI SILVA MEIRELES                  RUA JOSE BATISTA DA SILVA - 292 - JARDIM            06851470                                                            000065
2SR. CAIXA, APOS O VENCIMENTO COBRAR 2% DE MULTA                                 NAO RECEBER APOS 30 DIAS DO VENCIMENTO.                                                                                                                                                                                                         01022200000000000000102220000000000000       0090339900006270263478022216000066
100000000000000000000009033990000627000000000000000000000000010002020013135202221700000000002            2  01131352022211022200000002452400000000001N010222000000000000000000000000000000000000000000000000000000000000000100013135261859EDUARDO ZANOLA                          RUA ROLANDO PIETRO BONINI - 46 - JARDIM             09781040                                                            000068
2SR. CAIXA, APOS O VENCIMENTO COBRAR 2% DE MULTA                                 NAO RECEBER APOS 30 DIAS DO VENCIMENTO.                                                                                                                                                                                                         01022200000000000000102220000000000000       0090339900006270131352022217000069
100000000000000000000009033990000627000000000000000000000000010002020009797602221800000000002            2  01097976022211022200000002388370000000001N010222000000000000000000000000000000000000000000000000000000000000000100009797626857RICARDO SOBRAL DE OLIVEIRA              RUA 23 DE MAIO - 139 AP.32 - VILA MIRIM             11704690                                                            000071
2SR. CAIXA, APOS O VENCIMENTO COBRAR 2% DE MULTA                                 NAO RECEBER APOS 30 DIAS DO VENCIMENTO.                                                                                                                                                                                                         01022200000000000000102220000000000000       0090339900006270097976022218000072
100000000000000000000009033990000627000000000000000000000000010002020004767602221900000000002            2  01047676022209022200000004082840000000001N010222000000000000000000000000000000000000000000000000000000000000000100004767679893ORLANDO GRANDE FILHO                    RUA ORLANDO MIGLIARI - 101 - JARDIM OURO            19906140                                                            000074
2SR. CAIXA, APOS O VENCIMENTO COBRAR 2% DE MULTA                                 NAO RECEBER APOS 30 DIAS DO VENCIMENTO.                                                                                                                                                                                                         01022200000000000000102220000000000000       0090339900006270047676022219000075
100000000000000000000009033990000627000000000000000000000000010002020006512502221600000000002            2  01065125022211022200000002148440000000001N010222000000000000000000000000000000000000000000000000000000000000000100006512547870MARIA DO CARMO FAGUNDES DOS REIS        RUA CARLOS MALCHER - 98 - PARQUE EDU CHA            02232020                                                            000077
2SR. CAIXA, APOS O VENCIMENTO COBRAR 2% DE MULTA                                 NAO RECEBER APOS 30 DIAS DO VENCIMENTO.                                                                                                                                                                                                         01022200000000000000102220000000000000       0090339900006270065125022216000078
100000000000000000000009033990000627000000000000000000000000010002020022728402221900000000002            2  01227284022211022200000002584390000000001N010222000000000000000000000000000000000000000000000000000000000000000100022728497842WILLIAN DE SOUZA MELLO                  RUA JOSE CALIXTO DO CARMO - 286 AP.111 -            11702690                                                            000080
2SR. CAIXA, APOS O VENCIMENTO COBRAR 2% DE MULTA                                 NAO RECEBER APOS 30 DIAS DO VENCIMENTO.                                                                                                                                                                                                         01022200000000000000102220000000000000       0090339900006270227284022219000081
100000000000000000000009033990000627000000000000000000000000010002020016909702221300000000002            2  01169097022211022200000002283770000000001N010222000000000000000000000000000000000000000000000000000000000000000100016909746805EDIVALDO SANTANA DOS SANTOS             ESTRADA JOAO GASPAR DELGADO - 80 AP.213             08536100                                                            000083
2SR. CAIXA, APOS O VENCIMENTO COBRAR 2% DE MULTA                                 NAO RECEBER APOS 30 DIAS DO VENCIMENTO.                                                                                                                                                                                                         01022200000000000000102220000000000000       0090339900006270169097022213000084
100000000000000000000009033990000627000000000000000000000000010002020022036002221000000000002            2  01220360022209022200000003545410000000001N010222000000000000000000000000000000000000000000000000000000000000000100022036003818DERLIS TERAN QUIROGA ROGATO             RUA JOAO RIBEIRO - 320 AP.131SB - CAMPES            09070250                                                            000086
2SR. CAIXA, APOS O VENCIMENTO COBRAR 2% DE MULTA                                 NAO RECEBER APOS 30 DIAS DO VENCIMENTO.                                                                                                                                                                                                         01022200000000000000102220000000000000       0090339900006270220360022210000087
100000000000000000000009033990000627000000000000000000000000010002020017229702221900000000002            2  01172297022209022200000003421640000000001N010222000000000000000000000000000000000000000000000000000000000000000100017229751802BERENICE VIEIRA KERSTING                RUA ATIBAIA - 17 AP.417 - BAIRRO IMPERAD            11707380                                                            000089
2SR. CAIXA, APOS O VENCIMENTO COBRAR 2% DE MULTA                                 NAO RECEBER APOS 30 DIAS DO VENCIMENTO.                                                                                                                                                                                                         01022200000000000000102220000000000000       0090339900006270172297022219000090
100000000000000000000009033990000627000000000000000000000000010002020012475602221400000000002            2  01124756022211022200000002475500000000001N010222000000000000000000000000000000000000000000000000000000000000000100012475663820CELIDALVA GOES DE CARVALHO              RUA JOSE CALIXTO DO CARMO - 286 AP.91 -             11702690                                                            000092
2SR. CAIXA, APOS O VENCIMENTO COBRAR 2% DE MULTA                                 NAO RECEBER APOS 30 DIAS DO VENCIMENTO.                                                                                                                                                                                                         01022200000000000000102220000000000000       0090339900006270124756022214000093
100000000000000000000009033990000627000000000000000000000000010002020033451602221100000000002            2  01334516022211022200000002067210000000001N010222000000000000000000000000000000000000000000000000000000000000000100033451620839ARAO ELISIARIO  NUNES                   RUA JOSE CALIXTO DO CARMO - 286 AP.64 -             11702690                                                            000095
2SR. CAIXA, APOS O VENCIMENTO COBRAR 2% DE MULTA                                 NAO RECEBER APOS 30 DIAS DO VENCIMENTO.                                                                                                                                                                                                         01022200000000000000102220000000000000       0090339900006270334516022211000096
100000000000000000000009033990000627000000000000000000000000010002020045839202221900000000002            2  01458392022211022200000001604520000000001N010222000000000000000000000000000000000000000000000000000000000000000100045839263834LEONARDO ANTONIO CONCELLIERI            RUA JOSE CALIXTO DO CARMO - 286 AP.51 -             11702690                                                            000098
2SR. CAIXA, APOS O VENCIMENTO COBRAR 2% DE MULTA                                 NAO RECEBER APOS 30 DIAS DO VENCIMENTO.                                                                                                                                                                                                         01022200000000000000102220000000000000       0090339900006270458392022219000099
100000000000000000000009033990000627000000000000000000000000010002020011369102221P00000000002            2  01113691022211022200000002258160000000001N010222000000000000000000000000000000000000000000000000000000000000000100011369165803ELIANA CORREA DE OLIVEIRA               RUA MAESTRO ZEFERINO SANTANA - 65 - VILA            18040010                                                            000101
2SR. CAIXA, APOS O VENCIMENTO COBRAR 2% DE MULTA                                 NAO RECEBER APOS 30 DIAS DO VENCIMENTO.                                                                                                                                                                                                         01022200000000000000102220000000000000       009033990000627011369102221P000102
100000000000000000000009033990000627000000000000000000000000010002020002253802221300000000002            2  01022538022211022200000002007070000000001N010222000000000000000000000000000000000000000000000000000000000000000100002253816809EDMILSON ALVES DA SILVA                 RUA JOSE CALIXTO DO CARMO - 286 AP.93 -             11702690                                                            000104
2SR. CAIXA, APOS O VENCIMENTO COBRAR 2% DE MULTA                                 NAO RECEBER APOS 30 DIAS DO VENCIMENTO.                                                                                                                                                                                                         01022200000000000000102220000000000000       0090339900006270022538022213000105
100000000000000000000009033990000627000000000000000000000000010002020037947002221500000000002            2  01379470022211022200000003564690000000001N010222000000000000000000000000000000000000000000000000000000000000000100037947070873BRUNO DE CAETANO MARRINHAS              AVENIDA GENERAL BARRETO DE MENEZES - 323            09791150                                                            000107
2SR. CAIXA, APOS O VENCIMENTO COBRAR 2% DE MULTA                                 NAO RECEBER APOS 30 DIAS DO VENCIMENTO.                                                                                                                                                                                                         01022200000000000000102220000000000000       0090339900006270379470022215000108
100000000000000000000009033990000627000000000000000000000000010002020037517702221300000000002            2  01375177022209022200000006641130000000001N010222000000000000000000000000000000000000000000000000000000000000000100037517785869RENATO JOSE DE LIMA MELO                RUA ARISTIDES LOBO - 148 AP.41 BLOCO 03             03041100                                                            000110
2SR. CAIXA, APOS O VENCIMENTO COBRAR 2% DE MULTA                                 NAO RECEBER APOS 30 DIAS DO VENCIMENTO.                                                                                                                                                                                                         01022200000000000000102220000000000000       0090339900006270375177022213000111
100000000000000000000009033990000627000000000000000000000000010002020037517702222100000000002            2  01375177022209022200000003760460000000001N010222000000000000000000000000000000000000000000000000000000000000000100037517785869RENATO JOSE DE LIMA MELO                RUA ARISTIDES LOBO - 148 AP.41 BLOCO 03             03041100                                                            000113
2SR. CAIXA, APOS O VENCIMENTO COBRAR 2% DE MULTA                                 NAO RECEBER APOS 30 DIAS DO VENCIMENTO.                                                                                                                                                                                                         01022200000000000000102220000000000000       0090339900006270375177022221000114
100000000000000000000009033990000627000000000000000000000000010002020070367902221400000000002            2  01703679022211022200000001884760000000001N010222000000000000000000000000000000000000000000000000000000000000000100070367949849TEODOMIRO ALVES DOS SANTOS              RUA ANDRE PAZ - 13 - JARDIM SANTO ANDRE             08390230                                                            000116
2SR. CAIXA, APOS O VENCIMENTO COBRAR 2% DE MULTA                                 NAO RECEBER APOS 30 DIAS DO VENCIMENTO.                                                                                                                                                                                                         01022200000000000000102220000000000000       0090339900006270703679022214000117
100000000000000000000009033990000627000000000000000000000000010002020004410802221300000000002            2  01044108022209022200000002794060000000001N010222000000000000000000000000000000000000000000000000000000000000000100004410802860LUIZ ALBERTO MARINHO                    RUA DA INDEPENDENCIA - 706 AP.41B - CAMB            01524000                                                            000119
2SR. CAIXA, APOS O VENCIMENTO COBRAR 2% DE MULTA                                 NAO RECEBER APOS 30 DIAS DO VENCIMENTO.                                                                                                                                                                                                         01022200000000000000102220000000000000       0090339900006270044108022213000120
100000000000000000000009033990000627000000000000000000000000010002020018035002221000000000002            2  01180350022211022200000002522560000000001N010222000000000000000000000000000000000000000000000000000000000000000100018035075861ROSANGELA BISPO SANTOS                  RUA CASSIANO GABUS MENDES - 292 - JD. CA            09896160                                                            000122
2SR. CAIXA, APOS O VENCIMENTO COBRAR 2% DE MULTA                                 NAO RECEBER APOS 30 DIAS DO VENCIMENTO.                                                                                                                                                                                                         01022200000000000000102220000000000000       0090339900006270180350022210000123
100000000000000000000009033990000627000000000000000000000000010002020004767602222700000000002            2  01047676022209022200000003730010000000001N010222000000000000000000000000000000000000000000000000000000000000000100004767679893ORLANDO GRANDE FILHO                    RUA ORLANDO MIGLIARI - 101 - JARDIM OURO            19906140                                                            000125
2SR. CAIXA, APOS O VENCIMENTO COBRAR 2% DE MULTA                                 NAO RECEBER APOS 30 DIAS DO VENCIMENTO.                                                                                                                                                                                                         01022200000000000000102220000000000000       0090339900006270047676022227000126
100000000000000000000009033990000627000000000000000000000000010002020064677802221400000000002            2  01646778022209022200000003000510000000001N010222000000000000000000000000000000000000000000000000000000000000000100064677850887ANTONIO CARLOS DE OLIVEIRA              RUA DR.ANTONIO MAZILLI FILHO - 435 - PAR            02230070                                                            000128
2SR. CAIXA, APOS O VENCIMENTO COBRAR 2% DE MULTA                                 NAO RECEBER APOS 30 DIAS DO VENCIMENTO.                                                                                                                                                                                                         01022200000000000000102220000000000000       0090339900006270646778022214000129
100000000000000000000009033990000627000000000000000000000000010002020007328902221P00000000002            2  01073289022209022200000003660780000000001N010222000000000000000000000000000000000000000000000000000000000000000100007328927836BENEDITO APARECIDO ROCHA                AVENIDA SENADOR JOSE ERMINIO DE MORAES -            02357002                                                            000131
2SR. CAIXA, APOS O VENCIMENTO COBRAR 2% DE MULTA                                 NAO RECEBER APOS 30 DIAS DO VENCIMENTO.                                                                                                                                                                                                         01022200000000000000102220000000000000       009033990000627007328902221P000132
100000000000000000000009033990000627000000000000000000000000010002020013184802221700000000002            2  01131848022211022200000002169960000000001N010222000000000000000000000000000000000000000000000000000000000000000100013184856810SYDNEY HENRIQUE GAMARANO JUNIOR         RUA JOSE CALIXTO DO CARMO - 286 AP.125 -            11702690                                                            000134
2SR. CAIXA, APOS O VENCIMENTO COBRAR 2% DE MULTA                                 NAO RECEBER APOS 30 DIAS DO VENCIMENTO.                                                                                                                                                                                                         01022200000000000000102220000000000000       0090339900006270131848022217000135
100000000000000000000009033990000627000000000000000000000000010002020058488602221700000000002            2  01584886022209022200000002736680000000001N010222000000000000000000000000000000000000000000000000000000000000000100058488618972ADAILTON ZANUTTO MORESCHI               R:RAPHAEL UNGARO - COND.RESERVA SERRA Q.            13212138                                                            000137
2SR. CAIXA, APOS O VENCIMENTO COBRAR 2% DE MULTA                                 NAO RECEBER APOS 30 DIAS DO VENCIMENTO.                                                                                                                                                                                                         01022200000000000000102220000000000000       0090339900006270584886022217000138
100000000000000000000009033990000627000000000000000000000000010002020040194802221100000000002            2  01401948022209022200000003634010000000001N010222000000000000000000000000000000000000000000000000000000000000000100040194815803JULIANA SANTOS PENSSE                   RUA SALVADOR SOARES - 85 - QUINHOES DA B            13190240                                                            000140
2SR. CAIXA, APOS O VENCIMENTO COBRAR 2% DE MULTA                                 NAO RECEBER APOS 30 DIAS DO VENCIMENTO.                                                                                                                                                                                                         01022200000000000000102220000000000000       0090339900006270401948022211000141
100000000000000000000009033990000627000000000000000000000000010002020002196002221100000000002            2  01021960022211022200000002058360000000001N010222000000000000000000000000000000000000000000000000000000000000000100002196012831VILEFORT DIAS BORGES                    RUA PORTO XAVIER - 189 AP.64 - VILA CARM            08210170                                                            000143
2SR. CAIXA, APOS O VENCIMENTO COBRAR 2% DE MULTA                                 NAO RECEBER APOS 30 DIAS DO VENCIMENTO.                                                                                                                                                                                                         01022200000000000000102220000000000000       0090339900006270021960022211000144
100000000000000000000009033990000627000000000000000000000000010002020031861502221P00000000002            2  01318615022211022200000002139430000000001N010222000000000000000000000000000000000000000000000000000000000000000100031861586809VANIA TOMAZ                              -  -  -  -                                         00000000                                                            000146
2SR. CAIXA, APOS O VENCIMENTO COBRAR 2% DE MULTA                                 NAO RECEBER APOS 30 DIAS DO VENCIMENTO.                                                                                                                                                                                                         01022200000000000000102220000000000000       009033990000627031861502221P000147
100000000000000000000009033990000627000000000000000000000000010002020003104502221300000000002            2  01031045022209022200000007966390000000001N010222000000000000000000000000000000000000000000000000000000000000000100003104580804NELSON RODRIGUES                        RUA CARLOS JOSE BORSTENS - 50 AP.81 - AV            11702750                                                            000149
2SR. CAIXA, APOS O VENCIMENTO COBRAR 2% DE MULTA                                 NAO RECEBER APOS 30 DIAS DO VENCIMENTO.                                                                                                                                                                                                         01022200000000000000102220000000000000       0090339900006270031045022213000150
100000000000000000000009033990000627000000000000000000000000010002020007715302221100000000002            2  01077153022209022200000003365800000000001N010222000000000000000000000000000000000000000000000000000000000000000100007715360627NILTON RENNAN OLIVEIRA GOMES FILHO      RUA CARLOS JOSE BORSTENS - 50 AP.21 - AV            11702750                                                            000152
2SR. CAIXA, APOS O VENCIMENTO COBRAR 2% DE MULTA                                 NAO RECEBER APOS 30 DIAS DO VENCIMENTO.                                                                                                                                                                                                         01022200000000000000102220000000000000       0090339900006270077153022211000153
100000000000000000000009033990000627000000000000000000000000010002020007194002221200000000002            2  01071940022211022200000002392430000000001N010222000000000000000000000000000000000000000000000000000000000000000100007194010895RAUL AMANTINO KIRK DE SANCTIS           AVENIDA SANTA CATARINA - 756 AP.01 - VIL            04378000                                                            000155
2SR. CAIXA, APOS O VENCIMENTO COBRAR 2% DE MULTA                                 NAO RECEBER APOS 30 DIAS DO VENCIMENTO.                                                                                                                                                                                                         01022200000000000000102220000000000000       0090339900006270071940022212000156
100000000000000000000009033990000627000000000000000000000000010002020025738602221P00000000002            2  01257386022209022200000004834030000000001N010222000000000000000000000000000000000000000000000000000000000000000100025738614810VILMAR JOSE PEREIRA                     ALAMEDA TIETE - 646 - CERQUEIRA CESAR -             01417020                                                            000158
2SR. CAIXA, APOS O VENCIMENTO COBRAR 2% DE MULTA                                 NAO RECEBER APOS 30 DIAS DO VENCIMENTO.                                                                                                                                                                                                         01022200000000000000102220000000000000       009033990000627025738602221P000159
100000000000000000000009033990000627000000000000000000000000010002020025738602222800000000002            2  01257386022209022200000004834020000000001N010222000000000000000000000000000000000000000000000000000000000000000100025738614810VILMAR JOSE PEREIRA                     ALAMEDA TIETE - 646 - CERQUEIRA CESAR -             01417020                                                            000161
2SR. CAIXA, APOS O VENCIMENTO COBRAR 2% DE MULTA                                 NAO RECEBER APOS 30 DIAS DO VENCIMENTO.                                                                                                                                                                                                         01022200000000000000102220000000000000       0090339900006270257386022228000162
100000000000000000000009033990000627000000000000000000000000010002020011141502221100000000002            2  01111415022211022200000002513990000000001N010222000000000000000000000000000000000000000000000000000000000000000100011141508869PAULO ROBERTO TUNES SILVA               RUA PETROBRAS - 405 CASA 07 - VILA ANTON            03474060                                                            000164
2SR. CAIXA, APOS O VENCIMENTO COBRAR 2% DE MULTA                                 NAO RECEBER APOS 30 DIAS DO VENCIMENTO.                                                                                                                                                                                                         01022200000000000000102220000000000000       0090339900006270111415022211000165
100000000000000000000009033990000627000000000000000000000000010002020012449102221700000000002            2  01124491022211022200000002533190000000001N010222000000000000000000000000000000000000000000000000000000000000000100012449104810GILBERTO DOS SANTOS JUNIOR              RUA ALMIRANTE TAMANDARE - 89 AP.143 - BA            09310350                                                            000167
2SR. CAIXA, APOS O VENCIMENTO COBRAR 2% DE MULTA                                 NAO RECEBER APOS 30 DIAS DO VENCIMENTO.                                                                                                                                                                                                         01022200000000000000102220000000000000       0090339900006270124491022217000168
100000000000000000000009033990000627000000000000000000000000010002020011261302221500000000002            2  01112613022209022200000003341730000000001N010222000000000000000000000000000000000000000000000000000000000000000100011261359844JOVANETE DOS SANTOS PASSOS              RUA FULVIO MORGANTI - 672 - JARDIM PARAI            02417170                                                            000170
2SR. CAIXA, APOS O VENCIMENTO COBRAR 2% DE MULTA                                 NAO RECEBER APOS 30 DIAS DO VENCIMENTO.                                                                                                                                                                                                         01022200000000000000102220000000000000       0090339900006270112613022215000171
9                                                                                                                                                                                                                                                                                                                                                                                                         000172