01REMESSA01COBRANCA       00000000000005331186HB SANTOS CONSTRUTORA E INCORP237BRADESCO       110121        MX0000016                                                                                                                                                                                                                                                                                     000001
100000000000000000000009033990000995400000000000000000000000010002020005723201211500000000002            2  01057232012123012100000002627960000000001N110121000000000000000000000000000000000000000000000000000000000000000100005723255843FRANCISCO DE ASSIS DA SILVA             PRACA NICOLAU GERAIGIRE - 25 VISOR - JAR            11095110                                                            000002
2SR. CAIXA, APOS O VENCIMENTO COBRAR 2% DE MULTA                                 NAO RECEBER APOS 30 DIAS DO VENCIMENTO.                                                                                                                                                                                                         11012100000000000001101210000000000000       0090339900009954057232012115000003
100000000000000000000009033990000995400000000000000000000000010002020004928101211P00000000002            2  01049281012123012100000002569950000000001N110121000000000000000000000000000000000000000000000000000000000000000100004928157800ADEMIR APARECIDO ANTUNES                RUA JAIME TAVEIRA - 91 AP.056 B - CHACAR            03732060                                                            000005
2SR. CAIXA, APOS O VENCIMENTO COBRAR 2% DE MULTA                                 NAO RECEBER APOS 30 DIAS DO VENCIMENTO.                                                                                                                                                                                                         11012100000000000001101210000000000000       009033990000995404928101211P000006
100000000000000000000009033990000995400000000000000000000000010002020011238001211700000000002            2  01112380012123012100000002536620000000001N110121000000000000000000000000000000000000000000000000000000000000000100011238052886SOLANGE DIAS DE SOUZA ROMANO            AVENIDA DR. ALTINO ARANTES - 865 AP.132             04042034                                                            000008
2SR. CAIXA, APOS O VENCIMENTO COBRAR 2% DE MULTA                                 NAO RECEBER APOS 30 DIAS DO VENCIMENTO.                                                                                                                                                                                                         11012100000000000001101210000000000000       0090339900009954112380012117000009
100000000000000000000009033990000995400000000000000000000000010002020032589101211900000000002            2  01325891012123012100000002486620000000001N110121000000000000000000000000000000000000000000000000000000000000000100032589165862RENATA ISABEL MARTINS SILVA             RUA HERCULANO DE FREITAS - 257 - FUNDACA            09520280                                                            000011
2SR. CAIXA, APOS O VENCIMENTO COBRAR 2% DE MULTA                                 NAO RECEBER APOS 30 DIAS DO VENCIMENTO.                                                                                                                                                                                                         11012100000000000001101210000000000000       0090339900009954325891012119000012
100000000000000000000009033990000995400000000000000000000000010002020088339301211200000000002            2  01883393012123012100000002513560000000001N110121000000000000000000000000000000000000000000000000000000000000000100088339319868MARCIA SIQUEIRA MELLO                   RUA ADELINO ALVES - 81 - SANTO AMARO - S            04710120                                                            000014
2SR. CAIXA, APOS O VENCIMENTO COBRAR 2% DE MULTA                                 NAO RECEBER APOS 30 DIAS DO VENCIMENTO.                                                                                                                                                                                                         11012100000000000001101210000000000000       0090339900009954883393012112000015
100000000000000000000009033990000995400000000000000000000000010002020088339301212000000000002            2  01883393012123012100000002513550000000001N110121000000000000000000000000000000000000000000000000000000000000000100088339319868MARCIA SIQUEIRA MELLO                   RUA ADELINO ALVES - 81 - SANTO AMARO - S            04710120                                                            000017
2SR. CAIXA, APOS O VENCIMENTO COBRAR 2% DE MULTA                                 NAO RECEBER APOS 30 DIAS DO VENCIMENTO.                                                                                                                                                                                                         11012100000000000001101210000000000000       0090339900009954883393012120000018
100000000000000000000009033990000995400000000000000000000000010002020046391201211800000000002            2  01463912012123012100000002607460000000001N110121000000000000000000000000000000000000000000000000000000000000000100046391265810PAMELLA RODRIGUES DE OLIVEIRA           RUA ANTONIO MARQUES LUIZ - 193 - JARDIM             07115090                                                            000020
2SR. CAIXA, APOS O VENCIMENTO COBRAR 2% DE MULTA                                 NAO RECEBER APOS 30 DIAS DO VENCIMENTO.                                                                                                                                                                                                         11012100000000000001101210000000000000       0090339900009954463912012118000021
100000000000000000000009033990000995400000000000000000000000010002020027964501211600000000002            2  01279645012123012100000001590790000000001N110121000000000000000000000000000000000000000000000000000000000000000100027964512838FABIO TADEU DE CAMPOS RADZIAVICIUS      AV.PROF.LUIZ IGNACIO ANHAIA MELLO - 2.58            03154100                                                            000023
2SR. CAIXA, APOS O VENCIMENTO COBRAR 2% DE MULTA                                 NAO RECEBER APOS 30 DIAS DO VENCIMENTO.                                                                                                                                                                                                         11012100000000000001101210000000000000       0090339900009954279645012116000024
100000000000000000000009033990000995400000000000000000000000010002020011498301211400000000002            2  01114983012123012100000001941050000000001N110121000000000000000000000000000000000000000000000000000000000000000100011498329837GERSON GERALDO DAS NEVES                RUA DOMINGOS DELGADO - 144 - VILA SOUZA             02881070                                                            000026
2SR. CAIXA, APOS O VENCIMENTO COBRAR 2% DE MULTA                                 NAO RECEBER APOS 30 DIAS DO VENCIMENTO.                                                                                                                                                                                                         11012100000000000001101210000000000000       0090339900009954114983012114000027
100000000000000000000009033990000995400000000000000000000000010002020068875601211200000000002            2  01688756012123012100000002574130000000001N110121000000000000000000000000000000000000000000000000000000000000000100068875673691ILDETE BATISTA NEIVA GOLFAR             RUA FERNANDO FALCAO - 560 AP.21 - MOOCA             03180000                                                            000029
2SR. CAIXA, APOS O VENCIMENTO COBRAR 2% DE MULTA                                 NAO RECEBER APOS 30 DIAS DO VENCIMENTO.                                                                                                                                                                                                         11012100000000000001101210000000000000       0090339900009954688756012112000030
100000000000000000000009033990000995400000000000000000000000010002020000884201211600000000002            2  01008842012123012100000002364260000000001N110121000000000000000000000000000000000000000000000000000000000000000100000884239802ADEMIR MARTINS                          RUA CAIRO - 221 - VILA METALURGICA - SAN            09220170                                                            000032
2SR. CAIXA, APOS O VENCIMENTO COBRAR 2% DE MULTA                                 NAO RECEBER APOS 30 DIAS DO VENCIMENTO.                                                                                                                                                                                                         11012100000000000001101210000000000000       0090339900009954008842012116000033
9                                                                                                                                                                                                                                                                                                                                                                                                         000034