01REMESSA01COBRANCA       00000000000004991781AIRES CONSTRUTORA E INCORPORAD237BRADESCO       090318        MX0000100                                                                                                                                                                                                                                                                                     000001
100000000000000000000009077090006612500000000000000000000000010002100001224503181600000000002            2  01012245031825031800000003349750000000001N090318000000000000000000000000000000000000000000000000000000000000000100001224509579REINALDO JUNIOR MARTINS DE ABREU        RUA JUSTINO NIGRO - 449 - INTERLAGOS - S            04815030                                                            000002
2SR. CAIXA, APOS O VENCIMENTO COBRAR 10% DE MULTA                                NAO RECEBER APOS 30 DIAS DO VENCIMENTO.                                                                                                                                                                                                         09031800000000000000903180000000000000       0090770900066125012245031816000003
100000000000000000000009077090006612500000000000000000000000010002100003325103181700000000002            2  01033251031825031800000003257860000000001N090318000000000000000000000000000000000000000000000000000000000000000100003325102808MARCOS DE OLIVEIRA JUNIOR               RUA LUIS NOVELLETO - 91 - PARQUE CONTINE            05324080                                                            000005
2SR. CAIXA, APOS O VENCIMENTO COBRAR 10% DE MULTA                                NAO RECEBER APOS 30 DIAS DO VENCIMENTO.                                                                                                                                                                                                         09031800000000000000903180000000000000       0090770900066125033251031817000006
100000000000000000000009077090006612500000000000000000000000010002100016338903181900000000002            2  01163389031825031800000003305140000000001N090318000000000000000000000000000000000000000000000000000000000000000100016338929806EDVALDO DA SILVA ANDRADE                RUA ARIA - 434 - PARQUE ALVES DE LIMA -             04902170                                                            000008
2SR. CAIXA, APOS O VENCIMENTO COBRAR 10% DE MULTA                                NAO RECEBER APOS 30 DIAS DO VENCIMENTO.                                                                                                                                                                                                         09031800000000000000903180000000000000       0090770900066125163389031819000009
100000000000000000000009077090006612500000000000000000000000010002100026836903181900000000002            2  01268369031825031800000002993030000000001N090318000000000000000000000000000000000000000000000000000000000000000100026836908860VANDERLEI FIGUEIREDO DE CARVALHO        RUA TUPI - 840 - VILA TUPI - PRAIA GRAND            11703260                                                            000011
2SR. CAIXA, APOS O VENCIMENTO COBRAR 10% DE MULTA                                NAO RECEBER APOS 30 DIAS DO VENCIMENTO.                                                                                                                                                                                                         09031800000000000000903180000000000000       0090770900066125268369031819000012
100000000000000000000009077090006612500000000000000000000000010002100059861503181500000000002            2  01598615031825031800000003324430000000001N090318000000000000000000000000000000000000000000000000000000000000000100059861576800REINALDO LOPES DE OLIVEIRA              RUA DA SERVIDAO - 40 - VILA ROSCHEL - SA            04891045                                                            000014
2SR. CAIXA, APOS O VENCIMENTO COBRAR 10% DE MULTA                                NAO RECEBER APOS 30 DIAS DO VENCIMENTO.                                                                                                                                                                                                         09031800000000000000903180000000000000       0090770900066125598615031815000015
100000000000000000000009077090006612500000000000000000000000010002100016330903181300000000002            2  01163309031825031800000003304310000000001N090318000000000000000000000000000000000000000000000000000000000000000100016330938830KARINA CORDEIRO PIASSA                  CONDE MOREIRA LIMA - 644 - JARDIM JABAQU            04384032                                                            000017
2SR. CAIXA, APOS O VENCIMENTO COBRAR 10% DE MULTA                                NAO RECEBER APOS 30 DIAS DO VENCIMENTO.                                                                                                                                                                                                         09031800000000000000903180000000000000       0090770900066125163309031813000018
100000000000000000000009077090006612500000000000000000000000010002100077027603181600000000002            2  01770276031825031800000003211520000000001N090318000000000000000000000000000000000000000000000000000000000000000100077027604868CLINEU LISSONI                          AVENIDA VILA EMA - 1100 AP.41 - VILA PRU            03156000                                                            000020
2SR. CAIXA, APOS O VENCIMENTO COBRAR 10% DE MULTA                                NAO RECEBER APOS 30 DIAS DO VENCIMENTO.                                                                                                                                                                                                         09031800000000000000903180000000000000       0090770900066125770276031816000021
100000000000000000000009077090006612500000000000000000000000010002100005627903181200000000002            2  01056279031825031800000003010950000000001N090318000000000000000000000000000000000000000000000000000000000000000100005627947861FERNANDO CESAR MARCELINO                RUA CASA FORTE - 46 AP.11 - AGUA FRIA -             02336040                                                            000023
2SR. CAIXA, APOS O VENCIMENTO COBRAR 10% DE MULTA                                NAO RECEBER APOS 30 DIAS DO VENCIMENTO.                                                                                                                                                                                                         09031800000000000000903180000000000000       0090770900066125056279031812000024
100000000000000000000009077090006612500000000000000000000000010002100029380703181300000000002            2  01293807031825031800000002993210000000001N090318000000000000000000000000000000000000000000000000000000000000000100029380708882EDUARDO MENDONCA DAMASCENO              RUA MONTE CASTELO - 296 AP.12 - AVIACAO             11702720                                                            000026
2SR. CAIXA, APOS O VENCIMENTO COBRAR 10% DE MULTA                                NAO RECEBER APOS 30 DIAS DO VENCIMENTO.                                                                                                                                                                                                         09031800000000000000903180000000000000       0090770900066125293807031813000027
100000000000000000000009077090006612500000000000000000000000010002100023988503181700000000002            2  01239885031825031800000003039270000000001N090318000000000000000000000000000000000000000000000000000000000000000100023988525634DALMY PIMENTA                           SAO CAETANO - 136 - VILA SAO VICENTE - U            38026220                                                            000029
2SR. CAIXA, APOS O VENCIMENTO COBRAR 10% DE MULTA                                NAO RECEBER APOS 30 DIAS DO VENCIMENTO.                                                                                                                                                                                                         09031800000000000000903180000000000000       0090770900066125239885031817000030
100000000000000000000009077090006612500000000000000000000000010002100004735203181900000000002            2  01047352031825031800000003304490000000001N090318000000000000000000000000000000000000000000000000000000000000000100004735273832DARIO LUIZ GONCALVES                    RUA MONTE CASTELO - 295 AP.113 - AVIACAO            11702720                                                            000032
2SR. CAIXA, APOS O VENCIMENTO COBRAR 10% DE MULTA                                NAO RECEBER APOS 30 DIAS DO VENCIMENTO.                                                                                                                                                                                                         09031800000000000000903180000000000000       0090770900066125047352031819000033
100000000000000000000009077090006612500000000000000000000000010002100007635203181900000000002            2  01076352031825031800000002954420000000001N090318000000000000000000000000000000000000000000000000000000000000000100007635293893SILVIO CARDOSO ZACARIAS                 RUA SOLIDONIO LEITE - 2718 AP.102 BLOCO             03275000                                                            000035
2SR. CAIXA, APOS O VENCIMENTO COBRAR 10% DE MULTA                                NAO RECEBER APOS 30 DIAS DO VENCIMENTO.                                                                                                                                                                                                         09031800000000000000903180000000000000       0090770900066125076352031819000036
100000000000000000000009077090006612500000000000000000000000010002100067192903181900000000002            2  01671929031825031800000002892290000000001N090318000000000000000000000000000000000000000000000000000000000000000100067192920800SONIA MARIA RIBEIRO SUDO                RUA INGAZEIRA - 133 - SAO MIGUEL - SAO P            08032080                                                            000038
2SR. CAIXA, APOS O VENCIMENTO COBRAR 10% DE MULTA                                NAO RECEBER APOS 30 DIAS DO VENCIMENTO.                                                                                                                                                                                                         09031800000000000000903180000000000000       0090770900066125671929031819000039
100000000000000000000009077090006612500000000000000000000000010002100007975903181200000000002            2  01079759031825031800000003214250000000001N090318000000000000000000000000000000000000000000000000000000000000000100007975958808JOCY VIGNADO                            RUA PEDRO GONCALVES SOBRINHO - 568 - PAR            13098641                                                            000041
2SR. CAIXA, APOS O VENCIMENTO COBRAR 10% DE MULTA                                NAO RECEBER APOS 30 DIAS DO VENCIMENTO.                                                                                                                                                                                                         09031800000000000000903180000000000000       0090770900066125079759031812000042
100000000000000000000009077090006612500000000000000000000000010002100036712503181500000000002            2  01367125031825031800000003005450000000001N090318000000000000000000000000000000000000000000000000000000000000000100036712580803WALTER BARRETO DE ALMEIDA               RUA MONTE CASTELO - 296 AP.44 - AVIACAO             11702720                                                            000044
2SR. CAIXA, APOS O VENCIMENTO COBRAR 10% DE MULTA                                NAO RECEBER APOS 30 DIAS DO VENCIMENTO.                                                                                                                                                                                                         09031800000000000000903180000000000000       0090770900066125367125031815000045
100000000000000000000009077090006612500000000000000000000000010002100004290903181500000000002            2  01042909031825031800000003192660000000001N090318000000000000000000000000000000000000000000000000000000000000000100004290973876VLADIMIR PAIOLA BORREGO                 RUA GOMES - 429 - VILA IVONE - SAO PAULO            03275010                                                            000047
2SR. CAIXA, APOS O VENCIMENTO COBRAR 10% DE MULTA                                NAO RECEBER APOS 30 DIAS DO VENCIMENTO.                                                                                                                                                                                                         09031800000000000000903180000000000000       0090770900066125042909031815000048
100000000000000000000009077090006612500000000000000000000000010002100036386803181400000000002            2  01363868031825031800000003394740000000001N090318000000000000000000000000000000000000000000000000000000000000000100036386861833ALINE LEE WEI DE SOUZA                  AV. PRES.CASTELO BRANCO - 9127 AP.251 BL            11704600                                                            000050
2SR. CAIXA, APOS O VENCIMENTO COBRAR 10% DE MULTA                                NAO RECEBER APOS 30 DIAS DO VENCIMENTO.                                                                                                                                                                                                         09031800000000000000903180000000000000       0090770900066125363868031814000051
100000000000000000000009077090006612500000000000000000000000010002100026187903181900000000002            2  01261879031825031800000003150200000000001N090318000000000000000000000000000000000000000000000000000000000000000100026187960807CARINA CANTACESSO DE SOUZA              RUA MONTE CASTELO - 296 AP.91 - AVIACAO             11702720                                                            000053
2SR. CAIXA, APOS O VENCIMENTO COBRAR 10% DE MULTA                                NAO RECEBER APOS 30 DIAS DO VENCIMENTO.                                                                                                                                                                                                         09031800000000000000903180000000000000       0090770900066125261879031819000054
100000000000000000000009077090006612500000000000000000000000010002100070465303181500000000002            2  01704653031825031800000003087940000000001N090318000000000000000000000000000000000000000000000000000000000000000100070465320953SIDNEY CARASKI                          RUA DR.CELSO PACHECO BENTIM - 502 - PARQ            03571020                                                            000056
2SR. CAIXA, APOS O VENCIMENTO COBRAR 10% DE MULTA                                NAO RECEBER APOS 30 DIAS DO VENCIMENTO.                                                                                                                                                                                                         09031800000000000000903180000000000000       0090770900066125704653031815000057
100000000000000000000009077090006612500000000000000000000000010002100075759403181000000000002            2  01757594031825031800000002418120000000001N090318000000000000000000000000000000000000000000000000000000000000000100075759446800VALTER MUTAFEI                          RUA MONTE CASTELO - 295 AP.54 - AVIACAO             11702720                                                            000059
2SR. CAIXA, APOS O VENCIMENTO COBRAR 10% DE MULTA                                NAO RECEBER APOS 30 DIAS DO VENCIMENTO.                                                                                                                                                                                                         09031800000000000000903180000000000000       0090770900066125757594031810000060
100000000000000000000009077090006612500000000000000000000000010002100070328703181900000000002            2  01703287031825031800000003454900000000001N090318000000000000000000000000000000000000000000000000000000000000000100070328706868VALTER LIMA FERNANDES                   RUA DOMINGOS JORGE VELHO - 52 - CENTRO -            06843550                                                            000062
2SR. CAIXA, APOS O VENCIMENTO COBRAR 10% DE MULTA                                NAO RECEBER APOS 30 DIAS DO VENCIMENTO.                                                                                                                                                                                                         09031800000000000000903180000000000000       0090770900066125703287031819000063
100000000000000000000009077090006612500000000000000000000000010002100023132603181400000000002            2  01231326031825031800000001876670000000001N090318000000000000000000000000000000000000000000000000000000000000000100023132672882LEANDRO MORENO                          RUA MONTE CASTELO - 296 AP.64 - AVIACAO             11702720                                                            000065
2SR. CAIXA, APOS O VENCIMENTO COBRAR 10% DE MULTA                                NAO RECEBER APOS 30 DIAS DO VENCIMENTO.                                                                                                                                                                                                         09031800000000000000903180000000000000       0090770900066125231326031814000066
100000000000000000000009077090006612500000000000000000000000010002100099264603181300000000002            2  01992646031825031800000003200470000000001N090318000000000000000000000000000000000000000000000000000000000000000100099264692800LEONTINO PINHEIRO DA SILVA              AVENIDA JOAO BATISTA FITIPALDI - 469 - V            08685000                                                            000068
2SR. CAIXA, APOS O VENCIMENTO COBRAR 10% DE MULTA                                NAO RECEBER APOS 30 DIAS DO VENCIMENTO.                                                                                                                                                                                                         09031800000000000000903180000000000000       0090770900066125992646031813000069
100000000000000000000009077090006612500000000000000000000000010002100000666303181400000000002            2  01006663031825031800000003087550000000001N090318000000000000000000000000000000000000000000000000000000000000000100000666344825LUIZ HENRIQUE DE CAMPOS                 RUA JOAO CARLOS CAVALCANTI REIS - 21 - J            02281206                                                            000071
2SR. CAIXA, APOS O VENCIMENTO COBRAR 10% DE MULTA                                NAO RECEBER APOS 30 DIAS DO VENCIMENTO.                                                                                                                                                                                                         09031800000000000000903180000000000000       0090770900066125006663031814000072
100000000000000000000009077090006612500000000000000000000000010002100029155003181400000000002            2  01291550031825031800000003260590000000001N090318000000000000000000000000000000000000000000000000000000000000000100029155026842DANIELA YOSHIDA                         RUA MONTE CASTELO - 262 AP.34 - AVIACAO             11702720                                                            000074
2SR. CAIXA, APOS O VENCIMENTO COBRAR 10% DE MULTA                                NAO RECEBER APOS 30 DIAS DO VENCIMENTO.                                                                                                                                                                                                         09031800000000000000903180000000000000       0090770900066125291550031814000075
100000000000000000000009077090006612500000000000000000000000010002100034325503181000000000002            2  01343255031825031800000002806680000000001N090318000000000000000000000000000000000000000000000000000000000000000100034325567801LUIZ FERNANDO ALAMINO                   AVENIDA FLOR DE VILA FORMOSA - 337 - VIL            03366010                                                            000077
2SR. CAIXA, APOS O VENCIMENTO COBRAR 10% DE MULTA                                NAO RECEBER APOS 30 DIAS DO VENCIMENTO.                                                                                                                                                                                                         09031800000000000000903180000000000000       0090770900066125343255031810000078
100000000000000000000009077090006612500000000000000000000000010002100001204403181800000000002            2  01012044031825031800000002655260000000001N090318000000000000000000000000000000000000000000000000000000000000000100001204431809CEZAR TALAVERA JUNIOR                   RUA MAESTRO ARTURO DE ANGELIS  - 190 AP.            05139010                                                            000080
2SR. CAIXA, APOS O VENCIMENTO COBRAR 10% DE MULTA                                NAO RECEBER APOS 30 DIAS DO VENCIMENTO.                                                                                                                                                                                                         09031800000000000000903180000000000000       0090770900066125012044031818000081
100000000000000000000009077090006612500000000000000000000000010002100004227503181700000000002            2  01042275031825031800000003442050000000001N090318000000000000000000000000000000000000000000000000000000000000000100004227553970ALESSANDRO ISRAEL GOULART               RUA PROFESSORA CARLINDA RIBEIRO - 21 - F            02866200                                                            000083
2SR. CAIXA, APOS O VENCIMENTO COBRAR 10% DE MULTA                                NAO RECEBER APOS 30 DIAS DO VENCIMENTO.                                                                                                                                                                                                         09031800000000000000903180000000000000       0090770900066125042275031817000084
100000000000000000000009077090006612500000000000000000000000010002100060811403181000000000002            2  01608114031825031800000003172250000000001N090318000000000000000000000000000000000000000000000000000000000000000100060811420868HELIO BASSI                             AV.PARIS,575 - PRACA ANTONIO FIGUEROA -             11700082                                                            000086
2SR. CAIXA, APOS O VENCIMENTO COBRAR 10% DE MULTA                                NAO RECEBER APOS 30 DIAS DO VENCIMENTO.                                                                                                                                                                                                         09031800000000000000903180000000000000       0090770900066125608114031810000087
100000000000000000000009077090006612500000000000000000000000010002100001024703181000000000002            2  01010247031825031800000003001790000000001N090318000000000000000000000000000000000000000000000000000000000000000100001024794881CLAUDIO RODRIGUES                       RUA ARACATUBA - 242 - LAPA - SAO PAULO -            05058010                                                            000089
2SR. CAIXA, APOS O VENCIMENTO COBRAR 10% DE MULTA                                NAO RECEBER APOS 30 DIAS DO VENCIMENTO.                                                                                                                                                                                                         09031800000000000000903180000000000000       0090770900066125010247031810000090
100000000000000000000009077090006612500000000000000000000000010002100002225003181100000000002            2  01022250031825031800000004602130000000001N090318000000000000000000000000000000000000000000000000000000000000000100002225072841PEDRO EDUARDO DE AZEVEDO                RUA NATH ZILMAN - 46 - JARDIM SAMAMBAIA             07600000                                                            000092
2SR. CAIXA, APOS O VENCIMENTO COBRAR 10% DE MULTA                                NAO RECEBER APOS 30 DIAS DO VENCIMENTO.                                                                                                                                                                                                         09031800000000000000903180000000000000       0090770900066125022250031811000093
100000000000000000000009077090006612500000000000000000000000010002100022037503181P00000000002            2  01220375031825031800000003202590000000001N090318000000000000000000000000000000000000000000000000000000000000000100022037552882ANDREIA CRISTINA FERNANDES DANTAS       PCA CASTRO ALVES - 163 AP.33 - VILA SAO             13224299                                                            000095
2SR. CAIXA, APOS O VENCIMENTO COBRAR 10% DE MULTA                                NAO RECEBER APOS 30 DIAS DO VENCIMENTO.                                                                                                                                                                                                         09031800000000000000903180000000000000       009077090006612522037503181P000096
100000000000000000000009077090006612500000000000000000000000010002100019288703181800000000002            2  01192887031825031800000002607640000000001N090318000000000000000000000000000000000000000000000000000000000000000100019288787844EMERSON LUIZ MARTINEZ PEREIRA           RUA MONTE CASTELO - 296 AP.74 - AVIACAO             11702720                                                            000098
2SR. CAIXA, APOS O VENCIMENTO COBRAR 10% DE MULTA                                NAO RECEBER APOS 30 DIAS DO VENCIMENTO.                                                                                                                                                                                                         09031800000000000000903180000000000000       0090770900066125192887031818000099
100000000000000000000009077090006612500000000000000000000000010002100027198403181100000000002            2  01271984031825031800000002208810000000001N090318000000000000000000000000000000000000000000000000000000000000000100027198452809CRISTIANE AURELIANO DA SILVA MAIA       RUA MONTE CASTELO - 262 AP.25 - AVIACAO             11702720                                                            000101
2SR. CAIXA, APOS O VENCIMENTO COBRAR 10% DE MULTA                                NAO RECEBER APOS 30 DIAS DO VENCIMENTO.                                                                                                                                                                                                         09031800000000000000903180000000000000       0090770900066125271984031811000102
100000000000000000000009077090006612500000000000000000000000010002100021246203181500000000002            2  01212462031825031800000002695600000000001N090318000000000000000000000000000000000000000000000000000000000000000100021246231840ALEXANDRO DA CUNHA MIGUES               AVENIDA CONSELHEIRO CARRAO - 1861 CONJ.5            03403001                                                            000104
2SR. CAIXA, APOS O VENCIMENTO COBRAR 10% DE MULTA                                NAO RECEBER APOS 30 DIAS DO VENCIMENTO.                                                                                                                                                                                                         09031800000000000000903180000000000000       0090770900066125212462031815000105
100000000000000000000009077090006612500000000000000000000000010002100004864903181400000000002            2  01048649031825031800000001613980000000001N090318000000000000000000000000000000000000000000000000000000000000000100004864924600RENATO SANTACHIARA SALVADORI            RUA PENSYLVANIA - 116 - PAYSAGE BRISE -             06730000                                                            000107
2SR. CAIXA, APOS O VENCIMENTO COBRAR 10% DE MULTA                                NAO RECEBER APOS 30 DIAS DO VENCIMENTO.                                                                                                                                                                                                         09031800000000000000903180000000000000       0090770900066125048649031814000108
100000000000000000000009077090006612500000000000000000000000010002100018834203181300000000002            2  01188342031825031800000003148780000000001N090318000000000000000000000000000000000000000000000000000000000000000100018834257863ILTON FERNANDO MUTCHNIK                 RUA ASSUNGUI - 700 AP.222 - VILA GUMERCI            04131001                                                            000110
2SR. CAIXA, APOS O VENCIMENTO COBRAR 10% DE MULTA                                NAO RECEBER APOS 30 DIAS DO VENCIMENTO.                                                                                                                                                                                                         09031800000000000000903180000000000000       0090770900066125188342031813000111
100000000000000000000009077090006612500000000000000000000000010002100018470503181500000000002            2  01184705031825031800000003965620000000001N090318000000000000000000000000000000000000000000000000000000000000000100018470520881SILVANA ALVES DE OLIVEIRA               RUA MONTE CASTELO - 262 AP.91 - AVIACAO             11702720                                                            000113
2SR. CAIXA, APOS O VENCIMENTO COBRAR 10% DE MULTA                                NAO RECEBER APOS 30 DIAS DO VENCIMENTO.                                                                                                                                                                                                         09031800000000000000903180000000000000       0090770900066125184705031815000114
100000000000000000000009077090006612500000000000000000000000010002100009297503181500000000002            2  01092975031825031800000002760850000000001N090318000000000000000000000000000000000000000000000000000000000000000100009297523846MARCOS ROBERTO DE CASTRO FERREIRA       RUA MONTE CASTELO - 262 AP.105 - AVIACAO            11702720                                                            000116
2SR. CAIXA, APOS O VENCIMENTO COBRAR 10% DE MULTA                                NAO RECEBER APOS 30 DIAS DO VENCIMENTO.                                                                                                                                                                                                         09031800000000000000903180000000000000       0090770900066125092975031815000117
100000000000000000000009077090006612500000000000000000000000010002100001164103181400000000002            2  01011641031825031800000003421310000000001N090318000000000000000000000000000000000000000000000000000000000000000100001164158864DAVID BLEY LACERDA                      RUA CONEGO ARAUJO MARCONDES - 188 - BAIR            02550080                                                            000119
2SR. CAIXA, APOS O VENCIMENTO COBRAR 10% DE MULTA                                NAO RECEBER APOS 30 DIAS DO VENCIMENTO.                                                                                                                                                                                                         09031800000000000000903180000000000000       0090770900066125011641031814000120
100000000000000000000009077090006612500000000000000000000000010002100031498003181800000000002            2  01314980031825031800000004158110000000001N090318000000000000000000000000000000000000000000000000000000000000000100031498008895POLIANE  SIBELE DA SILVA                PRACA GENERAL COSTA BARRETO - 56 AP.181             03325070                                                            000122
2SR. CAIXA, APOS O VENCIMENTO COBRAR 10% DE MULTA                                NAO RECEBER APOS 30 DIAS DO VENCIMENTO.                                                                                                                                                                                                         09031800000000000000903180000000000000       0090770900066125314980031818000123
100000000000000000000009077090006612500000000000000000000000010002100000588103181100000000002            2  01005881031825031800000002438810000000001N090318000000000000000000000000000000000000000000000000000000000000000100000588109860JOSE LIARTE GIANTE                      AVENIDA LUIZ GONZAGA DO AMARAL - 143 - J            09320630                                                            000125
2SR. CAIXA, APOS O VENCIMENTO COBRAR 10% DE MULTA                                NAO RECEBER APOS 30 DIAS DO VENCIMENTO.                                                                                                                                                                                                         09031800000000000000903180000000000000       0090770900066125005881031811000126
100000000000000000000009077090006612500000000000000000000000010002100014386803181400000000002            2  01143868031825031800000001950960000000001N090318000000000000000000000000000000000000000000000000000000000000000100014386860134SEVERINO CARLOS DE OLIVEIRA             RUA MONTE CASTELO - 262 AP.54 - AVIACAO             11702720                                                            000128
2SR. CAIXA, APOS O VENCIMENTO COBRAR 10% DE MULTA                                NAO RECEBER APOS 30 DIAS DO VENCIMENTO.                                                                                                                                                                                                         09031800000000000000903180000000000000       0090770900066125143868031814000129
100000000000000000000009077090006612500000000000000000000000010002100029088203181100000000002            2  01290882031825031800000002168950000000001N090318000000000000000000000000000000000000000000000000000000000000000100029088221804FABIANO SPERANDEO                       RUA MONTE CASTELO - 296 AP.93 - AVIACAO             11702720                                                            000131
2SR. CAIXA, APOS O VENCIMENTO COBRAR 10% DE MULTA                                NAO RECEBER APOS 30 DIAS DO VENCIMENTO.                                                                                                                                                                                                         09031800000000000000903180000000000000       0090770900066125290882031811000132
100000000000000000000009077090006612500000000000000000000000010002100039393703181P00000000002            2  01393937031825031800000001344600000000001N090318000000000000000000000000000000000000000000000000000000000000000100039393790850NAIRON RICARDO DE ARAUJO SANTOS         RUA MONTE CASTELO - 262 AP.23 - AVIACAO             11702720                                                            000134
2SR. CAIXA, APOS O VENCIMENTO COBRAR 10% DE MULTA                                NAO RECEBER APOS 30 DIAS DO VENCIMENTO.                                                                                                                                                                                                         09031800000000000000903180000000000000       009077090006612539393703181P000135
100000000000000000000009077090006612500000000000000000000000010002100039393703182800000000002            2  01393937031825031800000001344600000000001N090318000000000000000000000000000000000000000000000000000000000000000100039393790850NAIRON RICARDO DE ARAUJO SANTOS         RUA MONTE CASTELO - 262 AP.23 - AVIACAO             11702720                                                            000137
2SR. CAIXA, APOS O VENCIMENTO COBRAR 10% DE MULTA                                NAO RECEBER APOS 30 DIAS DO VENCIMENTO.                                                                                                                                                                                                         09031800000000000000903180000000000000       0090770900066125393937031828000138
100000000000000000000009077090006612500000000000000000000000010002100041896803181000000000002            2  01418968031825031800000001958200000000001N090318000000000000000000000000000000000000000000000000000000000000000100041896807968SERGIO ROBERTO DA SILVA                 RUA DOS INGLESES - 542 AP.61 - MORRO DOS            01329000                                                            000140
2SR. CAIXA, APOS O VENCIMENTO COBRAR 10% DE MULTA                                NAO RECEBER APOS 30 DIAS DO VENCIMENTO.                                                                                                                                                                                                         09031800000000000000903180000000000000       0090770900066125418968031810000141
100000000000000000000009077090006612500000000000000000000000010002100088137303181900000000002            2  01881373031825031800000001775620000000001N090318000000000000000000000000000000000000000000000000000000000000000100088137384804ANA LUCIA DA SILVA                      RUA DOUTOR EPAMINONDAS BARRA - 147 - VIL            04438100                                                            000143
2SR. CAIXA, APOS O VENCIMENTO COBRAR 10% DE MULTA                                NAO RECEBER APOS 30 DIAS DO VENCIMENTO.                                                                                                                                                                                                         09031800000000000000903180000000000000       0090770900066125881373031819000144
9                                                                                                                                                                                                                                                                                                                                                                                                         000145