01REMESSA01COBRANCA       00000000000008017025HB SANTOS CONSTRUTORA E INCORP237BRADESCO       010919        MX0000086                                                                                                                                                                                                                                                                                     000001
100000000000000000000009033990000627000000000000000000000000010002020029671509191600000000002            2  01296715091909091900000002532070000000001N010919000000000000000000000000000000000000000000000000000000000000000100029671526845ROGERIO CONSENTINO                      RUA CARLOS MAZER  - 678 - VILA CARMOSINA            08290700                                                            000002
2SR. CAIXA, APOS O VENCIMENTO COBRAR 2% DE MULTA                                 NAO RECEBER APOS 30 DIAS DO VENCIMENTO.                                                                                                                                                                                                         01091900000000000000109190000000000000       0090339900006270296715091916000003
100000000000000000000009033990000627000000000000000000000000010002020003863009191800000000002            2  01038630091909091900000002391750000000001N010919000000000000000000000000000000000000000000000000000000000000000100003863075803HERALDO MENQUINI                        RUA CARLOS JOSE BORSTENS - 50 AP.15 - AV            11702750                                                            000005
2SR. CAIXA, APOS O VENCIMENTO COBRAR 2% DE MULTA                                 NAO RECEBER APOS 30 DIAS DO VENCIMENTO.                                                                                                                                                                                                         01091900000000000000109190000000000000       0090339900006270038630091918000006
100000000000000000000009033990000627000000000000000000000000010002020029028409191500000000002            2  01290284091909091900000002450110000000001N010919000000000000000000000000000000000000000000000000000000000000000100029028478825LEONARDO LOUZADA                        RUA CARLOS JOSE BORSTENS - 50 AP.35 - AV            11702750                                                            000008
2SR. CAIXA, APOS O VENCIMENTO COBRAR 2% DE MULTA                                 NAO RECEBER APOS 30 DIAS DO VENCIMENTO.                                                                                                                                                                                                         01091900000000000000109190000000000000       0090339900006270290284091915000009
100000000000000000000009033990000627000000000000000000000000010002020032878509191200000000002            2  01328785091909091900000003540890000000001N010919000000000000000000000000000000000000000000000000000000000000000100032878512847LEONARDO MOURA MONIZ CALDEIRA           RUA BALSA - 682 AP.134 T.02 - VILA ARCAD            02910000                                                            000011
2SR. CAIXA, APOS O VENCIMENTO COBRAR 2% DE MULTA                                 NAO RECEBER APOS 30 DIAS DO VENCIMENTO.                                                                                                                                                                                                         01091900000000000000109190000000000000       0090339900006270328785091912000012
100000000000000000000009033990000627000000000000000000000000010002020016479009191P00000000002            2  01164790091909091900000003766880000000001N010919000000000000000000000000000000000000000000000000000000000000000100016479002806LOURDES PEREIRA DE QUEIROZ SECANECHIA   RUA PAULINO CURSI - 437 - CIDADE SAO MAT            03960060                                                            000014
2SR. CAIXA, APOS O VENCIMENTO COBRAR 2% DE MULTA                                 NAO RECEBER APOS 30 DIAS DO VENCIMENTO.                                                                                                                                                                                                         01091900000000000000109190000000000000       009033990000627016479009191P000015
100000000000000000000009033990000627000000000000000000000000010002020019635009191700000000002            2  01196350091909091900000002779300000000001N010919000000000000000000000000000000000000000000000000000000000000000100019635091885IVAN VIEIRA SILVA                       ABRAO JORGE - 3001 - JARDIM INTEGRACAO -            14405397                                                            000017
2SR. CAIXA, APOS O VENCIMENTO COBRAR 2% DE MULTA                                 NAO RECEBER APOS 30 DIAS DO VENCIMENTO.                                                                                                                                                                                                         01091900000000000000109190000000000000       0090339900006270196350091917000018
100000000000000000000009033990000627000000000000000000000000010002020009361409191700000000002            2  01093614091909091900000002734770000000001N010919000000000000000000000000000000000000000000000000000000000000000100009361471805JOSE BARBOSA DA SILVA                   RUA ALFREDO INACIO TRINDADE  - 60 AP.44             02344100                                                            000020
2SR. CAIXA, APOS O VENCIMENTO COBRAR 2% DE MULTA                                 NAO RECEBER APOS 30 DIAS DO VENCIMENTO.                                                                                                                                                                                                         01091900000000000000109190000000000000       0090339900006270093614091917000021
100000000000000000000009033990000627000000000000000000000000010002020012756909191000000000002            2  01127569091909091900000002360690000000001N010919000000000000000000000000000000000000000000000000000000000000000100012756959812ITAMAR JUVENAL DIAS DA SILVA            RUA ELISEU REINALDO MORAES VIEIRA - 90 A            02858000                                                            000023
2SR. CAIXA, APOS O VENCIMENTO COBRAR 2% DE MULTA                                 NAO RECEBER APOS 30 DIAS DO VENCIMENTO.                                                                                                                                                                                                         01091900000000000000109190000000000000       0090339900006270127569091910000024
100000000000000000000009033990000627000000000000000000000000010002020002731009191800000000002            2  01027310091909091900000002790980000000001N010919000000000000000000000000000000000000000000000000000000000000000100002731042842VALTER CERQUEIRA VILLA NOVA             RUA MACHADO - 106 - VILA AUGUSTA - GUARU            07025210                                                            000026
2SR. CAIXA, APOS O VENCIMENTO COBRAR 2% DE MULTA                                 NAO RECEBER APOS 30 DIAS DO VENCIMENTO.                                                                                                                                                                                                         01091900000000000000109190000000000000       0090339900006270027310091918000027
100000000000000000000009033990000627000000000000000000000000010002020002731009192600000000002            2  01027310091909091900000002790930000000001N010919000000000000000000000000000000000000000000000000000000000000000100002731042842VALTER CERQUEIRA VILLA NOVA             RUA MACHADO - 106 - VILA AUGUSTA - GUARU            07025210                                                            000029
2SR. CAIXA, APOS O VENCIMENTO COBRAR 2% DE MULTA                                 NAO RECEBER APOS 30 DIAS DO VENCIMENTO.                                                                                                                                                                                                         01091900000000000000109190000000000000       0090339900006270027310091926000030
100000000000000000000009033990000627000000000000000000000000010002020028802109191600000000002            2  01288021091909091900000002520190000000001N010919000000000000000000000000000000000000000000000000000000000000000100028802158894ELIEL HENRIQUE ZUZA                     RUA CARLOS JOSE BORSTENS - 50 AP.43 - BA            11702750                                                            000032
2SR. CAIXA, APOS O VENCIMENTO COBRAR 2% DE MULTA                                 NAO RECEBER APOS 30 DIAS DO VENCIMENTO.                                                                                                                                                                                                         01091900000000000000109190000000000000       0090339900006270288021091916000033
100000000000000000000009033990000627000000000000000000000000010002020008739109191P00000000002            2  01087391091909091900000002357030000000001N010919000000000000000000000000000000000000000000000000000000000000000100008739150895VANGEVALDO BATISTA SANT ANNA            TRAVESSA TOMAZIN - 02 - ERMELINO MATARAZ            03811125                                                            000035
2SR. CAIXA, APOS O VENCIMENTO COBRAR 2% DE MULTA                                 NAO RECEBER APOS 30 DIAS DO VENCIMENTO.                                                                                                                                                                                                         01091900000000000000109190000000000000       009033990000627008739109191P000036
100000000000000000000009033990000627000000000000000000000000010002020005313709191600000000002            2  01053137091911091900000002037170000000001N010919000000000000000000000000000000000000000000000000000000000000000100005313717863EDIMICIO JOSE DE ARAUJO                 PRACA NICOLAU GERAIGIRE - 680 CA A - JAR            11095110                                                            000038
2SR. CAIXA, APOS O VENCIMENTO COBRAR 2% DE MULTA                                 NAO RECEBER APOS 30 DIAS DO VENCIMENTO.                                                                                                                                                                                                         01091900000000000000109190000000000000       0090339900006270053137091916000039
100000000000000000000009033990000627000000000000000000000000010002020029433609191400000000002            2  01294336091911091900000001957020000000001N010919000000000000000000000000000000000000000000000000000000000000000100029433631897MARIO MUNIZ                             RUA JOSE CALIXTO DO CARMO - 286 AP.53 -             11702690                                                            000041
2SR. CAIXA, APOS O VENCIMENTO COBRAR 2% DE MULTA                                 NAO RECEBER APOS 30 DIAS DO VENCIMENTO.                                                                                                                                                                                                         01091900000000000000109190000000000000       0090339900006270294336091914000042
100000000000000000000009033990000627000000000000000000000000010002020001847209191200000000002            2  01018472091911091900000001801680000000001N010919000000000000000000000000000000000000000000000000000000000000000100001847204864AMERICA CONCEICAO DA SILVA              RUA CAMINHO DO GUARAMAR - 199 AP.11 BLOC            11721050                                                            000044
2SR. CAIXA, APOS O VENCIMENTO COBRAR 2% DE MULTA                                 NAO RECEBER APOS 30 DIAS DO VENCIMENTO.                                                                                                                                                                                                         01091900000000000000109190000000000000       0090339900006270018472091912000045
100000000000000000000009033990000627000000000000000000000000010002020005029809191700000000002            2  01050298091909091900000002406880000000001N010919000000000000000000000000000000000000000000000000000000000000000100005029828885LAURINETE DA CONCEICAO DE NORONHA       RUA MARIA LUCIA DE TOLEDO LEITE MORAES -            04434040                                                            000047
2SR. CAIXA, APOS O VENCIMENTO COBRAR 2% DE MULTA                                 NAO RECEBER APOS 30 DIAS DO VENCIMENTO.                                                                                                                                                                                                         01091900000000000000109190000000000000       0090339900006270050298091917000048
100000000000000000000009033990000627000000000000000000000000010002020027682109191600000000002            2  01276821091911091900000001899370000000001N010919000000000000000000000000000000000000000000000000000000000000000100027682175818ALINE TEIXEIRA                          RUA CRUZEIRO DO SUL - 309 - JARDIM BOM P            06385060                                                            000050
2SR. CAIXA, APOS O VENCIMENTO COBRAR 2% DE MULTA                                 NAO RECEBER APOS 30 DIAS DO VENCIMENTO.                                                                                                                                                                                                         01091900000000000000109190000000000000       0090339900006270276821091916000051
100000000000000000000009033990000627000000000000000000000000010002020013388909191900000000002            2  01133889091911091900000001907800000000001N010919000000000000000000000000000000000000000000000000000000000000000100013388936889NEUTON DE SOUZA RAMOS                   RUA MARIA CRISTINA - 932 - JARDIM CASQUE            11533160                                                            000053
2SR. CAIXA, APOS O VENCIMENTO COBRAR 2% DE MULTA                                 NAO RECEBER APOS 30 DIAS DO VENCIMENTO.                                                                                                                                                                                                         01091900000000000000109190000000000000       0090339900006270133889091919000054
100000000000000000000009033990000627000000000000000000000000010002020012774909191900000000002            2  01127749091911091900000001943610000000001N010919000000000000000000000000000000000000000000000000000000000000000100012774906865JOSE MILTON SANTIAGO                    RUA BATATAIS - 47 - CIDADE ESTELA - POA             08563140                                                            000056
2SR. CAIXA, APOS O VENCIMENTO COBRAR 2% DE MULTA                                 NAO RECEBER APOS 30 DIAS DO VENCIMENTO.                                                                                                                                                                                                         01091900000000000000109190000000000000       0090339900006270127749091919000057
100000000000000000000009033990000627000000000000000000000000010002020016294109191400000000002            2  01162941091909091900000002389610000000001N010919000000000000000000000000000000000000000000000000000000000000000100016294119812JURACY FELIX DE ARRUDA                  RUA CARLOS JOSE BORSTENS - 50 AP.23 - AV            11702750                                                            000059
2SR. CAIXA, APOS O VENCIMENTO COBRAR 2% DE MULTA                                 NAO RECEBER APOS 30 DIAS DO VENCIMENTO.                                                                                                                                                                                                         01091900000000000000109190000000000000       0090339900006270162941091914000060
100000000000000000000009033990000627000000000000000000000000010002020005613809191900000000002            2  01056138091911091900000001787590000000001N010919000000000000000000000000000000000000000000000000000000000000000100005613843805NILZA MARIA DE OLIVEIRA                 RUA JOSE GONCALVES DE FREITAS - 66 C2 -             08210550                                                            000062
2SR. CAIXA, APOS O VENCIMENTO COBRAR 2% DE MULTA                                 NAO RECEBER APOS 30 DIAS DO VENCIMENTO.                                                                                                                                                                                                         01091900000000000000109190000000000000       0090339900006270056138091919000063
100000000000000000000009033990000627000000000000000000000000010002020007574909191900000000002            2  01075749091911091900000001834920000000001N010919000000000000000000000000000000000000000000000000000000000000000100007574936889JORGE LUCIANO PEREIRA BORRIELLO         RUA FABIO DE ALMEIDA MAGALHAES - 179 - J            05135370                                                            000065
2SR. CAIXA, APOS O VENCIMENTO COBRAR 2% DE MULTA                                 NAO RECEBER APOS 30 DIAS DO VENCIMENTO.                                                                                                                                                                                                         01091900000000000000109190000000000000       0090339900006270075749091919000066
100000000000000000000009033990000627000000000000000000000000010002020032408109191100000000002            2  01324081091911091900000002111640000000001N010919000000000000000000000000000000000000000000000000000000000000000100032408151848DEILSON DO NASCIMENTO CANDIDO DA SILVA  RUA JOSE CALIXTO DO CARMO - 286 AP.62 -             11702690                                                            000068
2SR. CAIXA, APOS O VENCIMENTO COBRAR 2% DE MULTA                                 NAO RECEBER APOS 30 DIAS DO VENCIMENTO.                                                                                                                                                                                                         01091900000000000000109190000000000000       0090339900006270324081091911000069
100000000000000000000009033990000627000000000000000000000000010002020008214909191100000000002            2  01082149091911091900000001862770000000001N010919000000000000000000000000000000000000000000000000000000000000000100008214973830JAMIL CHALA                             RUA JOSE CALIXTO DO CARMO - 286 AP.22 -             11702690                                                            000071
2SR. CAIXA, APOS O VENCIMENTO COBRAR 2% DE MULTA                                 NAO RECEBER APOS 30 DIAS DO VENCIMENTO.                                                                                                                                                                                                         01091900000000000000109190000000000000       0090339900006270082149091911000072
100000000000000000000009033990000627000000000000000000000000010002020032495009191900000000002            2  01324950091911091900000002087470000000001N010919000000000000000000000000000000000000000000000000000000000000000100032495004881PAULO EDUARDO DOS SANTOS                RUA REPUBLICA DO IRAQUE - 1119 - CAMPO B            04611002                                                            000074
2SR. CAIXA, APOS O VENCIMENTO COBRAR 2% DE MULTA                                 NAO RECEBER APOS 30 DIAS DO VENCIMENTO.                                                                                                                                                                                                         01091900000000000000109190000000000000       0090339900006270324950091919000075
100000000000000000000009033990000627000000000000000000000000010002020006471809191900000000002            2  01064718091909091900000002352630000000001N010919000000000000000000000000000000000000000000000000000000000000000100006471825803JOSIVALDO BASTOS DE OLIVEIRA            RUA MARIA DIAS HOG - 263 - PARQUE CONTIN            07085035                                                            000077
2SR. CAIXA, APOS O VENCIMENTO COBRAR 2% DE MULTA                                 NAO RECEBER APOS 30 DIAS DO VENCIMENTO.                                                                                                                                                                                                         01091900000000000000109190000000000000       0090339900006270064718091919000078
100000000000000000000009033990000627000000000000000000000000010002020038856809191500000000002            2  01388568091911091900000001935140000000001N010919000000000000000000000000000000000000000000000000000000000000000100038856851830FELIPE BIANCHI DA COSTA FREITAS         RUA JOSE CALIXTO DO CARMO - 286 AP.23 -             11702690                                                            000080
2SR. CAIXA, APOS O VENCIMENTO COBRAR 2% DE MULTA                                 NAO RECEBER APOS 30 DIAS DO VENCIMENTO.                                                                                                                                                                                                         01091900000000000000109190000000000000       0090339900006270388568091915000081
100000000000000000000009033990000627000000000000000000000000010002020016498009191600000000002            2  01164980091911091900000001830760000000001N010919000000000000000000000000000000000000000000000000000000000000000100016498053810GILMA CEZARIO GARCIA CORRITORI          RUA LAURENTINO XAVIER DOS SANTOS - 336 -            08240740                                                            000083
2SR. CAIXA, APOS O VENCIMENTO COBRAR 2% DE MULTA                                 NAO RECEBER APOS 30 DIAS DO VENCIMENTO.                                                                                                                                                                                                         01091900000000000000109190000000000000       0090339900006270164980091916000084
100000000000000000000009033990000627000000000000000000000000010002020029339009191500000000002            2  01293390091911091900000001957680000000001N010919000000000000000000000000000000000000000000000000000000000000000100029339051831RONALD DIDOFF                           RUA CORONEL FERREIRA BRAGA - 188 - VILA             03522010                                                            000086
2SR. CAIXA, APOS O VENCIMENTO COBRAR 2% DE MULTA                                 NAO RECEBER APOS 30 DIAS DO VENCIMENTO.                                                                                                                                                                                                         01091900000000000000109190000000000000       0090339900006270293390091915000087
100000000000000000000009033990000627000000000000000000000000010002020017357809191700000000002            2  01173578091911091900000002073360000000001N010919000000000000000000000000000000000000000000000000000000000000000100017357859894MARCIO GUIMARAES                        RUA GENERAL CAMARA - 188 SALA 11 - CENTR            11010120                                                            000089
2SR. CAIXA, APOS O VENCIMENTO COBRAR 2% DE MULTA                                 NAO RECEBER APOS 30 DIAS DO VENCIMENTO.                                                                                                                                                                                                         01091900000000000000109190000000000000       0090339900006270173578091917000090
100000000000000000000009033990000627000000000000000000000000010002020010563009191700000000002            2  01105630091911091900000002126350000000001N010919000000000000000000000000000000000000000000000000000000000000000100010563033878VERA LUCIA RIBEIRO LONGANEZI            RUA DOS CAMARES - 150 AP.24 BL.02 - CARA            02068030                                                            000092
2SR. CAIXA, APOS O VENCIMENTO COBRAR 2% DE MULTA                                 NAO RECEBER APOS 30 DIAS DO VENCIMENTO.                                                                                                                                                                                                         01091900000000000000109190000000000000       0090339900006270105630091917000093
100000000000000000000009033990000627000000000000000000000000010002020005529609191100000000002            2  01055296091911091900000001929590000000001N010919000000000000000000000000000000000000000000000000000000000000000100005529616801JOAQUIM JORGE DA COSTA                  RUA JOSE CALIXTO DO CARMO - 286 AP.106 -            11702690                                                            000095
2SR. CAIXA, APOS O VENCIMENTO COBRAR 2% DE MULTA                                 NAO RECEBER APOS 30 DIAS DO VENCIMENTO.                                                                                                                                                                                                         01091900000000000000109190000000000000       0090339900006270055296091911000096
100000000000000000000009033990000627000000000000000000000000010002020022014109191600000000002            2  01220141091911091900000001923960000000001N010919000000000000000000000000000000000000000000000000000000000000000100022014140847CAMILA SILVEIRA CANIZARES               AVENIDA PRESIDENTE CASTELO BRANCO - 5.74            11703650                                                            000098
2SR. CAIXA, APOS O VENCIMENTO COBRAR 2% DE MULTA                                 NAO RECEBER APOS 30 DIAS DO VENCIMENTO.                                                                                                                                                                                                         01091900000000000000109190000000000000       0090339900006270220141091916000099
100000000000000000000009033990000627000000000000000000000000010002020015550709191800000000002            2  01155507091909091900000001824400000000001N010919000000000000000000000000000000000000000000000000000000000000000100015550706806MARY MIWA                               RUA CARLOS JOSE BORSTENS - 50 AP.105 - A            11702750                                                            000101
2SR. CAIXA, APOS O VENCIMENTO COBRAR 2% DE MULTA                                 NAO RECEBER APOS 30 DIAS DO VENCIMENTO.                                                                                                                                                                                                         01091900000000000000109190000000000000       0090339900006270155507091918000102
100000000000000000000009033990000627000000000000000000000000010002020015464609191800000000002            2  01154646091911091900000002028460000000001N010919000000000000000000000000000000000000000000000000000000000000000100015464647864SONIA TERESA VOLPATO                    RUA JOSE CALIXTO DO CARMO - 286 AP.73 -             11702690                                                            000104
2SR. CAIXA, APOS O VENCIMENTO COBRAR 2% DE MULTA                                 NAO RECEBER APOS 30 DIAS DO VENCIMENTO.                                                                                                                                                                                                         01091900000000000000109190000000000000       0090339900006270154646091918000105
100000000000000000000009033990000627000000000000000000000000010002020008657809191700000000002            2  01086578091911091900000002008100000000001N010919000000000000000000000000000000000000000000000000000000000000000100008657886855ARLINDO DA CRUZ                         AVENIDA ARICANDUVA - 8.256 AP.54 BL.10 -            03951220                                                            000107
2SR. CAIXA, APOS O VENCIMENTO COBRAR 2% DE MULTA                                 NAO RECEBER APOS 30 DIAS DO VENCIMENTO.                                                                                                                                                                                                         01091900000000000000109190000000000000       0090339900006270086578091917000108
100000000000000000000009033990000627000000000000000000000000010002020004265709191700000000002            2  01042657091909091900000002688210000000001N010919000000000000000000000000000000000000000000000000000000000000000100004265781713ALEXANDRE CASADO COSTA                  RUA CARLOS JOSE BORSTENS - 50 AP.33 - AV            11702750                                                            000110
2SR. CAIXA, APOS O VENCIMENTO COBRAR 2% DE MULTA                                 NAO RECEBER APOS 30 DIAS DO VENCIMENTO.                                                                                                                                                                                                         01091900000000000000109190000000000000       0090339900006270042657091917000111
100000000000000000000009033990000627000000000000000000000000010002020059735109191500000000002            2  01597351091909091900000001135440000000001N010919000000000000000000000000000000000000000000000000000000000000000100059735180863HELIO JOSE MARQUES                      RUA MARTIM AFONSO DE SOUZA - 1007 AP.102            11702790                                                            000113
2SR. CAIXA, APOS O VENCIMENTO COBRAR 2% DE MULTA                                 NAO RECEBER APOS 30 DIAS DO VENCIMENTO.                                                                                                                                                                                                         01091900000000000000109190000000000000       0090339900006270597351091915000114
100000000000000000000009033990000627000000000000000000000000010002020026347809191900000000002            2  01263478091911091900000002146610000000001N010919000000000000000000000000000000000000000000000000000000000000000100026347872862VALDECI SILVA MEIRELES                  RUA JOSE BATISTA DA SILVA - 292 - JARDIM            06851470                                                            000116
2SR. CAIXA, APOS O VENCIMENTO COBRAR 2% DE MULTA                                 NAO RECEBER APOS 30 DIAS DO VENCIMENTO.                                                                                                                                                                                                         01091900000000000000109190000000000000       0090339900006270263478091919000117
100000000000000000000009033990000627000000000000000000000000010002020025443609191P00000000002            2  01254436091909091900000003888660000000001N010919000000000000000000000000000000000000000000000000000000000000000100025443691830SILVANETE PEREIRA CARNELOS              RUA CARLOS JOSE BORSTENS - 50 AP.102 - A            11702750                                                            000119
2SR. CAIXA, APOS O VENCIMENTO COBRAR 2% DE MULTA                                 NAO RECEBER APOS 30 DIAS DO VENCIMENTO.                                                                                                                                                                                                         01091900000000000000109190000000000000       009033990000627025443609191P000120
100000000000000000000009033990000627000000000000000000000000010002020013135209191P00000000002            2  01131352091911091900000001972200000000001N010919000000000000000000000000000000000000000000000000000000000000000100013135261859EDUARDO ZANOLA                          RUA ROLANDO PIETRO BONINI - 46 - JARDIM             09781040                                                            000122
2SR. CAIXA, APOS O VENCIMENTO COBRAR 2% DE MULTA                                 NAO RECEBER APOS 30 DIAS DO VENCIMENTO.                                                                                                                                                                                                         01091900000000000000109190000000000000       009033990000627013135209191P000123
100000000000000000000009033990000627000000000000000000000000010002020009797609191000000000002            2  01097976091911091900000001920720000000001N010919000000000000000000000000000000000000000000000000000000000000000100009797626857RICARDO SOBRAL DE OLIVEIRA              RUA 23 DE MAIO - 139 AP.32 - VILA MIRIM             11704690                                                            000125
2SR. CAIXA, APOS O VENCIMENTO COBRAR 2% DE MULTA                                 NAO RECEBER APOS 30 DIAS DO VENCIMENTO.                                                                                                                                                                                                         01091900000000000000109190000000000000       0090339900006270097976091910000126
100000000000000000000009033990000627000000000000000000000000010002020004767609191100000000002            2  01047676091909091900000003284380000000001N010919000000000000000000000000000000000000000000000000000000000000000100004767679893ORLANDO GRANDE FILHO                    RUA ORLANDO MIGLIARI - 101 - JARDIM OURO            19906140                                                            000128
2SR. CAIXA, APOS O VENCIMENTO COBRAR 2% DE MULTA                                 NAO RECEBER APOS 30 DIAS DO VENCIMENTO.                                                                                                                                                                                                         01091900000000000000109190000000000000       0090339900006270047676091911000129
100000000000000000000009033990000627000000000000000000000000010002020006512509191900000000002            2  01065125091911091900000001727770000000001N010919000000000000000000000000000000000000000000000000000000000000000100006512547870MARIA DO CARMO FAGUNDES DOS REIS        RUA CARLOS MALCHER - 98 - PARQUE EDU CHA            02232020                                                            000131
2SR. CAIXA, APOS O VENCIMENTO COBRAR 2% DE MULTA                                 NAO RECEBER APOS 30 DIAS DO VENCIMENTO.                                                                                                                                                                                                         01091900000000000000109190000000000000       0090339900006270065125091919000132
100000000000000000000009033990000627000000000000000000000000010002020022728409191100000000002            2  01227284091911091900000002078330000000001N010919000000000000000000000000000000000000000000000000000000000000000100022728497842WILLIAN DE SOUZA MELLO                  RUA JOSE CALIXTO DO CARMO - 286 AP.111 -            11702690                                                            000134
2SR. CAIXA, APOS O VENCIMENTO COBRAR 2% DE MULTA                                 NAO RECEBER APOS 30 DIAS DO VENCIMENTO.                                                                                                                                                                                                         01091900000000000000109190000000000000       0090339900006270227284091911000135
100000000000000000000009033990000627000000000000000000000000010002020016909709191600000000002            2  01169097091911091900000001836600000000001N010919000000000000000000000000000000000000000000000000000000000000000100016909746805EDIVALDO SANTANA DOS SANTOS             ESTRADA JOAO GASPAR DELGADO - 80 AP.213             08536100                                                            000137
2SR. CAIXA, APOS O VENCIMENTO COBRAR 2% DE MULTA                                 NAO RECEBER APOS 30 DIAS DO VENCIMENTO.                                                                                                                                                                                                         01091900000000000000109190000000000000       0090339900006270169097091916000138
100000000000000000000009033990000627000000000000000000000000010002020022036009191300000000002            2  01220360091909091900000002852030000000001N010919000000000000000000000000000000000000000000000000000000000000000100022036003818DERLIS TERAN QUIROGA ROGATO             RUA JOAO RIBEIRO - 709 AP.61 - CAMPESTRE            09070250                                                            000140
2SR. CAIXA, APOS O VENCIMENTO COBRAR 2% DE MULTA                                 NAO RECEBER APOS 30 DIAS DO VENCIMENTO.                                                                                                                                                                                                         01091900000000000000109190000000000000       0090339900006270220360091913000141
100000000000000000000009033990000627000000000000000000000000010002020012475609191700000000002            2  01124756091911091900000001990760000000001N010919000000000000000000000000000000000000000000000000000000000000000100012475663820CELIDALVA GOES DE CARVALHO              RUA AURELIO BELOTTI JUNIOR - 28 - JARDIM            05759210                                                            000143
2SR. CAIXA, APOS O VENCIMENTO COBRAR 2% DE MULTA                                 NAO RECEBER APOS 30 DIAS DO VENCIMENTO.                                                                                                                                                                                                         01091900000000000000109190000000000000       0090339900006270124756091917000144
100000000000000000000009033990000627000000000000000000000000010002020033451609191400000000002            2  01334516091911091900000001662380000000001N010919000000000000000000000000000000000000000000000000000000000000000100033451620839ARAO ELISIARIO  NUNES                   RUA JOSE CALIXTO DO CARMO - 286 AP.64 -             11702690                                                            000146
2SR. CAIXA, APOS O VENCIMENTO COBRAR 2% DE MULTA                                 NAO RECEBER APOS 30 DIAS DO VENCIMENTO.                                                                                                                                                                                                         01091900000000000000109190000000000000       0090339900006270334516091914000147
100000000000000000000009033990000627000000000000000000000000010002020095758209191400000000002            2  01957582091911091900000002021700000000001N010919000000000000000000000000000000000000000000000000000000000000000100095758275891SHIRLEY TUNES ASTOLFI                   RUA GUAPERUVU - 656 AP.84 - VILA ARICAND            03504010                                                            000149
2SR. CAIXA, APOS O VENCIMENTO COBRAR 2% DE MULTA                                 NAO RECEBER APOS 30 DIAS DO VENCIMENTO.                                                                                                                                                                                                         01091900000000000000109190000000000000       0090339900006270957582091914000150
9                                                                                                                                                                                                                                                                                                                                                                                                         000151