01REMESSA01COBRANCA       00000000000005316116AIRES CONSTRUTORA E INCORPORAD237BRADESCO       090223        MX0000212                                                                                                                                                                                                                                                                                     000001
100000000000000000000009002800441612000000000000000000000000010002100001204402231200000000002            2  01012044022325022300000003637290000000001N090223000000000000000000000000000000000000000000000000000000000000000100001204431809CEZAR TALAVERA JUNIOR                   RUA MAESTRO ARTURO DE ANGELIS  - 190 AP.            05139010                                                            000002
2SR. CAIXA, APOS O VENCIMENTO COBRAR 10% DE MULTA                                NAO RECEBER APOS 30 DIAS DO VENCIMENTO.                                                                                                                                                                                                         09022300000000000000902230000000000000       0090028004416120012044022312000003
100000000000000000000009002800441612000000000000000000000000010002100002225002231600000000002            2  01022250022325022300000006304100000000001N090223000000000000000000000000000000000000000000000000000000000000000100002225072841PEDRO EDUARDO DE AZEVEDO                RUA NATH ZILMAN - 46 - JARDIM SAMAMBAIA             07623085                                                            000005
2SR. CAIXA, APOS O VENCIMENTO COBRAR 10% DE MULTA                                NAO RECEBER APOS 30 DIAS DO VENCIMENTO.                                                                                                                                                                                                         09022300000000000000902230000000000000       0090028004416120022250022316000006
100000000000000000000009002800441612000000000000000000000000010002100027198402231600000000002            2  01271984022325022300000003025640000000001N090223000000000000000000000000000000000000000000000000000000000000000100027198452809CRISTIANE AURELIANO DA SILVA MAIA       RUA MONTE CASTELO - 262 AP.25 - AVIACAO             11702720                                                            000008
2SR. CAIXA, APOS O VENCIMENTO COBRAR 10% DE MULTA                                NAO RECEBER APOS 30 DIAS DO VENCIMENTO.                                                                                                                                                                                                         09022300000000000000902230000000000000       0090028004416120271984022316000009
100000000000000000000009002800441612000000000000000000000000010002100018470502231P00000000002            2  01184705022325022300000005432260000000001N090223000000000000000000000000000000000000000000000000000000000000000100018470520881SILVANA ALVES DE OLIVEIRA               RUA MONTE CASTELO - 262 AP.91 - AVIACAO             11702720                                                            000011
2SR. CAIXA, APOS O VENCIMENTO COBRAR 10% DE MULTA                                NAO RECEBER APOS 30 DIAS DO VENCIMENTO.                                                                                                                                                                                                         09022300000000000000902230000000000000       009002800441612018470502231P000012
100000000000000000000009002800441612000000000000000000000000010002100009297502231P00000000002            2  01092975022325022300000003781870000000001N090223000000000000000000000000000000000000000000000000000000000000000100009297523846MARCOS ROBERTO DE CASTRO FERREIRA       RUA MONTE CASTELO - 262 AP.105 - AVIACAO            11702720                                                            000014
2SR. CAIXA, APOS O VENCIMENTO COBRAR 10% DE MULTA                                NAO RECEBER APOS 30 DIAS DO VENCIMENTO.                                                                                                                                                                                                         09022300000000000000902230000000000000       009002800441612009297502231P000015
100000000000000000000009002800441612000000000000000000000000010002100001164102231900000000002            2  01011641022325022300000004686600000000001N090223000000000000000000000000000000000000000000000000000000000000000100001164158864DAVID BLEY LACERDA                      RUA CONEGO ARAUJO MARCONDES - 188 - BAIR            02550080                                                            000017
2SR. CAIXA, APOS O VENCIMENTO COBRAR 10% DE MULTA                                NAO RECEBER APOS 30 DIAS DO VENCIMENTO.                                                                                                                                                                                                         09022300000000000000902230000000000000       0090028004416120011641022319000018
100000000000000000000009002800441612000000000000000000000000010002100031498002231200000000002            2  01314980022325022300000005695890000000001N090223000000000000000000000000000000000000000000000000000000000000000100031498008895POLIANE  SIBELE DA SILVA                PRACA GENERAL COSTA BARRETO - 56 AP.181             03325070                                                            000020
2SR. CAIXA, APOS O VENCIMENTO COBRAR 10% DE MULTA                                NAO RECEBER APOS 30 DIAS DO VENCIMENTO.                                                                                                                                                                                                         09022300000000000000902230000000000000       0090028004416120314980022312000021
100000000000000000000009002800441612000000000000000000000000010002100014386802231900000000002            2  01143868022325022300000002672470000000001N090223000000000000000000000000000000000000000000000000000000000000000100014386860134SEVERINO CARLOS DE OLIVEIRA             RUA MONTE CASTELO - 262 AP.54 - AVIACAO             11702720                                                            000023
2SR. CAIXA, APOS O VENCIMENTO COBRAR 10% DE MULTA                                NAO RECEBER APOS 30 DIAS DO VENCIMENTO.                                                                                                                                                                                                         09022300000000000000902230000000000000       0090028004416120143868022319000024
100000000000000000000009002800441612000000000000000000000000010002100039393702231400000000002            2  01393937022325022300000001841930000000001N090223000000000000000000000000000000000000000000000000000000000000000100039393790850NAIRON RICARDO DE ARAUJO SANTOS         RUA NITEROI - 267 CASA 04 - JARDIM INDEP            11380350                                                            000026
2SR. CAIXA, APOS O VENCIMENTO COBRAR 10% DE MULTA                                NAO RECEBER APOS 30 DIAS DO VENCIMENTO.                                                                                                                                                                                                         09022300000000000000902230000000000000       0090028004416120393937022314000027
100000000000000000000009002800441612000000000000000000000000010002100019288702231200000000002            2  01192887022325022300000002480550000000001N090223000000000000000000000000000000000000000000000000000000000000000100019288787844EMERSON LUIZ MARTINEZ PEREIRA           RUA MONTE CASTELO - 296 AP.74 - AVIACAO             11702720                                                            000029
2SR. CAIXA, APOS O VENCIMENTO COBRAR 10% DE MULTA                                NAO RECEBER APOS 30 DIAS DO VENCIMENTO.                                                                                                                                                                                                         09022300000000000000902230000000000000       0090028004416120192887022312000030
9                                                                                                                                                                                                                                                                                                                                                                                                         000031