01REMESSA01COBRANCA       00000000000008017025HB SANTOS CONSTRUTORA E INCORP237BRADESCO       110717        MX0000034                                                                                                                                                                                                                                                                                     000001
100000000000000000000009033990000627000000000000000000000000010002020019259152192500000000002            2  01192591521924071700000001768950000000001N110717000000000000000000000000000000000000000000000000000000000000000100025035170802WANDERSON LUIS DE CARVALHO              RUA JOAQUIM GONCALVES ROCHA - 302 - JARD            02859030                                                            000002
2SR. CAIXA, APOS O VENCIMENTO COBRAR 2% DE MULTA                                 NAO RECEBER APOS 30 DIAS DO VENCIMENTO.                                                                                                                                                                                                         11071700000000000001107170000000000000       0090339900006270192591521925000003
100000000000000000000009033990000627000000000000000000000000010002020019405153193200000000002            2  01194051531924071700000002379300000000001N110717000000000000000000000000000000000000000000000000000000000000000100007294351805CLAUDENIR APARECIDO VACARI              RUA OFELIA CHAVES DE MEIRELLES - 989 CAS            11360210                                                            000005
2SR. CAIXA, APOS O VENCIMENTO COBRAR 2% DE MULTA                                 NAO RECEBER APOS 30 DIAS DO VENCIMENTO.                                                                                                                                                                                                         11071700000000000001107170000000000000       0090339900006270194051531932000006
100000000000000000000009033990000627000000000000000000000000010002020019551154194600000000002            2  01195511541924071700000002404240000000001N110717000000000000000000000000000000000000000000000000000000000000000100042976111634ACACIO TOSCANO BONDANCA                 RUA COMENDADOR JACOMO ANTONIO LA SELVA -            12946797                                                            000008
2SR. CAIXA, APOS O VENCIMENTO COBRAR 2% DE MULTA                                 NAO RECEBER APOS 30 DIAS DO VENCIMENTO.                                                                                                                                                                                                         11071700000000000001107170000000000000       0090339900006270195511541946000009
100000000000000000000009033990000627000000000000000000000000010002020020296158200200000000002            2  01202961582024071700000002030500000000001N110717000000000000000000000000000000000000000000000000000000000000000100035438022836ALESSANDRO FARACO DOS SANTOS            RUA PEDRO POMAR  - 145 - JARDIM ELISA MA            02875020                                                            000011
2SR. CAIXA, APOS O VENCIMENTO COBRAR 2% DE MULTA                                 NAO RECEBER APOS 30 DIAS DO VENCIMENTO.                                                                                                                                                                                                         11071700000000000001107170000000000000       0090339900006270202961582002000012
100000000000000000000009033990000627000000000000000000000000010002020021638167212900000000002            2  01216381672124071700000002661330000000001N110717000000000000000000000000000000000000000000000000000000000000000100007525032866FERNANDO RIBEIRO                        RUA ALDO COLI - 539 - VILA MIRIM - PRAIA            11704760                                                            000014
2SR. CAIXA, APOS O VENCIMENTO COBRAR 2% DE MULTA                                 NAO RECEBER APOS 30 DIAS DO VENCIMENTO.                                                                                                                                                                                                         11071700000000000001107170000000000000       0090339900006270216381672129000015
100000000000000000000009033990000627000000000000000000000000010002020021783168213400000000002            2  01217831682124071700000003058790000000001N110717000000000000000000000000000000000000000000000000000000000000000100031898775800ANITA MARTINS COLOMBO                   RUA GUIAN - 334 AP.51 - VILA CAMPESTRE -            04330090                                                            000017
2SR. CAIXA, APOS O VENCIMENTO COBRAR 2% DE MULTA                                 NAO RECEBER APOS 30 DIAS DO VENCIMENTO.                                                                                                                                                                                                         11071700000000000001107170000000000000       0090339900006270217831682134000018
100000000000000000000009033990000627000000000000000000000000010002020021929169214600000000002            2  01219291692124071700000002334500000000001N110717000000000000000000000000000000000000000000000000000000000000000100005520147884ERIBALDO SANTANA CARVALHO               RUA HONDURAS - 477 - PARQUE DAS AMERICAS            09351070                                                            000020
2SR. CAIXA, APOS O VENCIMENTO COBRAR 2% DE MULTA                                 NAO RECEBER APOS 30 DIAS DO VENCIMENTO.                                                                                                                                                                                                         11071700000000000001107170000000000000       0090339900006270219291692146000021
100000000000000000000009033990000627000000000000000000000000010002020022579173220900000000002            2  01225791732224071700000002184110000000001N110717000000000000000000000000000000000000000000000000000000000000000100002841756416LUCIANA PINHEIRO DE ASSIS NUNES         RUA RIO ACIMA - 81 - RIACHO GRANDE - SAO            09830100                                                            000023
2SR. CAIXA, APOS O VENCIMENTO COBRAR 2% DE MULTA                                 NAO RECEBER APOS 30 DIAS DO VENCIMENTO.                                                                                                                                                                                                         11071700000000000001107170000000000000       0090339900006270225791732209000024
100000000000000000000009033990000627000000000000000000000000010002020022727174221200000000002            2  01227271742224071700000002194580000000001N110717000000000000000000000000000000000000000000000000000000000000000100084302097868FAUSTO TADEU VILOR                      RUA ANTONIO TAVARES - 466 - BAIRRO CAMBU            01542010                                                            000026
2SR. CAIXA, APOS O VENCIMENTO COBRAR 2% DE MULTA                                 NAO RECEBER APOS 30 DIAS DO VENCIMENTO.                                                                                                                                                                                                         11071700000000000001107170000000000000       0090339900006270227271742212000027
100000000000000000000009033990000627000000000000000000000000010002020024627185234900000000002            2  01246271852324071700000002083590000000001N110717000000000000000000000000000000000000000000000000000000000000000100018207096802ROBERTO VALENTE TAVARES                 RUA SEBASTIAO GOMES - 218 - JARDIM SANTO            13835000                                                            000029
2SR. CAIXA, APOS O VENCIMENTO COBRAR 2% DE MULTA                                 NAO RECEBER APOS 30 DIAS DO VENCIMENTO.                                                                                                                                                                                                         11071700000000000001107170000000000000       0090339900006270246271852349000030
100000000000000000000009033990000627000000000000000000000000010002020024920176236800000000002            2  01249201762324071700000002156210000000001N110717000000000000000000000000000000000000000000000000000000000000000100028804202882GILBERTO FABIANO CABRAL DE CAMARGO      RUA JOAO AMADO COUTINHO - 444 AP.11 A -             02815000                                                            000032
2SR. CAIXA, APOS O VENCIMENTO COBRAR 2% DE MULTA                                 NAO RECEBER APOS 30 DIAS DO VENCIMENTO.                                                                                                                                                                                                         11071700000000000001107170000000000000       0090339900006270249201762368000033
100000000000000000000009033990000627000000000000000000000000010002020025361187239700000000002            2  01253611872324071700000002104530000000001N110717000000000000000000000000000000000000000000000000000000000000000100000991748808JAILSON BORGES DE ANDRADE               RUA SAO GABRIEL DA CACHOEIRA - 28 - JARD            07240080                                                            000035
2SR. CAIXA, APOS O VENCIMENTO COBRAR 2% DE MULTA                                 NAO RECEBER APOS 30 DIAS DO VENCIMENTO.                                                                                                                                                                                                         11071700000000000001107170000000000000       0090339900006270253611872397000036
100000000000000000000009033990000627000000000000000000000000010002020025507188240400000000002            2  01255071882424071700000002869290000000001N110717000000000000000000000000000000000000000000000000000000000000000100092180299834LUIS ROBERTO DE SA DUARTE               RUA TEBAS - 296 AP.84 BLOCO 2 CE - JARDI            04634031                                                            000038
2SR. CAIXA, APOS O VENCIMENTO COBRAR 2% DE MULTA                                 NAO RECEBER APOS 30 DIAS DO VENCIMENTO.                                                                                                                                                                                                         11071700000000000001107170000000000000       0090339900006270255071882404000039
100000000000000000000009033990000627000000000000000000000000010002020025945191243300000000002            2  01259451912424071700000002092330000000001N110717000000000000000000000000000000000000000000000000000000000000000100022151666816SAMIR LIMA DE ARAUJO                    AVENIDA GUARAPIRANGA - 2616 AP.42 BLOCO1            04902005                                                            000041
2SR. CAIXA, APOS O VENCIMENTO COBRAR 2% DE MULTA                                 NAO RECEBER APOS 30 DIAS DO VENCIMENTO.                                                                                                                                                                                                         11071700000000000001107170000000000000       0090339900006270259451912433000042
100000000000000000000009033990000627000000000000000000000000010002020026092186244400000000002            2  01260921862426071700000001661760000000001N110717000000000000000000000000000000000000000000000000000000000000000100022313116824ROSA MARIA BRITO DA SILVA               RUA SERVIDAO DE SAO MARCOS - 113 - JARDI            04930300                                                            000044
2SR. CAIXA, APOS O VENCIMENTO COBRAR 2% DE MULTA                                 NAO RECEBER APOS 30 DIAS DO VENCIMENTO.                                                                                                                                                                                                         11071700000000000001107170000000000000       0090339900006270260921862444000045
100000000000000000000009033990000627000000000000000000000000010002020026242184245800000000002            2  01262421842426071700000001667540000000001N110717000000000000000000000000000000000000000000000000000000000000000100027538087249MARA LUCIA MENEZES DA COSTA             RUA LEILA  - 183 - ITAQUERA - SAO PAULO             08240020                                                            000047
2SR. CAIXA, APOS O VENCIMENTO COBRAR 2% DE MULTA                                 NAO RECEBER APOS 30 DIAS DO VENCIMENTO.                                                                                                                                                                                                         11071700000000000001107170000000000000       0090339900006270262421842458000048
100000000000000000000009033990000627000000000000000000000000010002020026389179246100000000002            2  01263891792426071700000001765330000000001N110717000000000000000000000000000000000000000000000000000000000000000100020105503827VALTER DE SOUSA LIBARINO FILHO          RUA DAS PAINEIRAS - 140 - LARANJEIRAS -             07700000                                                            000050
2SR. CAIXA, APOS O VENCIMENTO COBRAR 2% DE MULTA                                 NAO RECEBER APOS 30 DIAS DO VENCIMENTO.                                                                                                                                                                                                         11071700000000000001107170000000000000       0090339900006270263891792461000051
100000000000000000000009033990000627000000000000000000000000010002020026532192247P00000000002            2  01265321922424071700000002021260000000001N110717000000000000000000000000000000000000000000000000000000000000000100031278411836JEFFERSON DE PIERI PIRES ZAMUNER        RUA MANOEL ARCE - 277 - PARQUE BANCARIO             03922150                                                            000053
2SR. CAIXA, APOS O VENCIMENTO COBRAR 2% DE MULTA                                 NAO RECEBER APOS 30 DIAS DO VENCIMENTO.                                                                                                                                                                                                         11071700000000000001107170000000000000       009033990000627026532192247P000054
100000000000000000000009033990000627000000000000000000000000010002020026961194251800000000002            2  01269611942526071700000001517520000000001N110717000000000000000000000000000000000000000000000000000000000000000100019185769800AGUINALDO PESSOA DE LIMA                RUA JANUARIO ZINGARO - 252 AP.303 BL.04             05794300                                                            000056
2SR. CAIXA, APOS O VENCIMENTO COBRAR 2% DE MULTA                                 NAO RECEBER APOS 30 DIAS DO VENCIMENTO.                                                                                                                                                                                                         11071700000000000001107170000000000000       0090339900006270269611942518000057
100000000000000000000009033990000627000000000000000000000000010002020027257196253800000000002            2  01272571962526071700000001022540000000001N110717000000000000000000000000000000000000000000000000000000000000000100033303645809JESSICA DA SILVA FREITAS                RUA ARILDO VALADAO - 120 - JARDIM GUAEMB            04814600                                                            000059
2SR. CAIXA, APOS O VENCIMENTO COBRAR 2% DE MULTA                                 NAO RECEBER APOS 30 DIAS DO VENCIMENTO.                                                                                                                                                                                                         11071700000000000001107170000000000000       0090339900006270272571962538000060
100000000000000000000009033990000627000000000000000000000000010002020027403197254500000000002            2  01274031972526071700000001647420000000001N110717000000000000000000000000000000000000000000000000000000000000000100004824443806ROSIMEIRE CLARA FERREIRA REZENDE        RUA JOAQUIM DE OLIVEIRA FREITAS - 912 AP            05133000                                                            000062
2SR. CAIXA, APOS O VENCIMENTO COBRAR 2% DE MULTA                                 NAO RECEBER APOS 30 DIAS DO VENCIMENTO.                                                                                                                                                                                                         11071700000000000001107170000000000000       0090339900006270274031972545000063
100000000000000000000009033990000627000000000000000000000000010002020027549198255300000000002            2  01275491982524071700000002189070000000001N110717000000000000000000000000000000000000000000000000000000000000000100006422607881GERALDO ALVES DA SILVA                  RUA ALFREDO JOREL - 195 AP.5 CONDOMINIO             04195020                                                            000065
2SR. CAIXA, APOS O VENCIMENTO COBRAR 2% DE MULTA                                 NAO RECEBER APOS 30 DIAS DO VENCIMENTO.                                                                                                                                                                                                         11071700000000000001107170000000000000       0090339900006270275491982553000066
100000000000000000000009033990000627000000000000000000000000010002020027695199256700000000002            2  01276951992526071700000001532390000000001N110717000000000000000000000000000000000000000000000000000000000000000100033877129870HELDER FERREIRA VIANA                   RUA LEOPOLDO MOTTA E SILVA - 93 AP.34 -             11320340                                                            000068
2SR. CAIXA, APOS O VENCIMENTO COBRAR 2% DE MULTA                                 NAO RECEBER APOS 30 DIAS DO VENCIMENTO.                                                                                                                                                                                                         11071700000000000001107170000000000000       0090339900006270276951992567000069
100000000000000000000009033990000627000000000000000000000000010002020027987201258000000000002            2  01279872012526071700000001412280000000001N110717000000000000000000000000000000000000000000000000000000000000000100028290719809VANESSA GIANGARRELLI PEREIRA            RUA BARINEL - 72 - JARDIM COTCHING - SAO            03462130                                                            000071
2SR. CAIXA, APOS O VENCIMENTO COBRAR 2% DE MULTA                                 NAO RECEBER APOS 30 DIAS DO VENCIMENTO.                                                                                                                                                                                                         11071700000000000001107170000000000000       0090339900006270279872012580000072
100000000000000000000009033990000627000000000000000000000000010002020028575205262700000000002            2  01285752052626071700000001542220000000001N110717000000000000000000000000000000000000000000000000000000000000000100087573059604VANDERLEY DE ASSIS                      RUA ROMEU ALBANI - 268 - JARDIM PARQUE R            13803810                                                            000074
2SR. CAIXA, APOS O VENCIMENTO COBRAR 2% DE MULTA                                 NAO RECEBER APOS 30 DIAS DO VENCIMENTO.                                                                                                                                                                                                         11071700000000000001107170000000000000       0090339900006270285752052627000075
100000000000000000000009033990000627000000000000000000000000010002020028867207264200000000002            2  01288672072626071700000001609380000000001N110717000000000000000000000000000000000000000000000000000000000000000100010825513847JOSE APARECIDO PEREIRA                  RUA GENERAL OSORIO - 305 - JARDIM TRINTA            11515130                                                            000077
2SR. CAIXA, APOS O VENCIMENTO COBRAR 2% DE MULTA                                 NAO RECEBER APOS 30 DIAS DO VENCIMENTO.                                                                                                                                                                                                         11071700000000000001107170000000000000       0090339900006270288672072642000078
100000000000000000000009033990000627000000000000000000000000010002020029012208265300000000002            2  01290122082626071700000002514660000000001N110717000000000000000000000000000000000000000000000000000000000000000100038818572814MAURICIUS ALEXANDRE ESTEVAM NABOR       RUA RAUL SERAPIAO BARROSO - 379 - ESPLAN            11340330                                                            000080
2SR. CAIXA, APOS O VENCIMENTO COBRAR 2% DE MULTA                                 NAO RECEBER APOS 30 DIAS DO VENCIMENTO.                                                                                                                                                                                                         11071700000000000001107170000000000000       0090339900006270290122082653000081
9                                                                                                                                                                                                                                                                                                                                                                                                         000082