01REMESSA01COBRANCA       00000000000005316116AIRES CONSTRUTORA E INCORPORAD237BRADESCO       011120        MX0000155                                                                                                                                                                                                                                                                                     000001
100000000000000000000009002800441612000000000000000000000000010002100002252111201400000000002            2  01022521112024112000000000022220000000001N011120000000000000000000000000000000000000000000000000000000000000000100002252149892AIRES MOTA DOS SANTOS                   AVENIDA BRASIL - 600 - AVIACAO - PRAIA G            11701090                                                            000002
2SR. CAIXA, APOS O VENCIMENTO COBRAR 10% DE MULTA                                NAO RECEBER APOS 30 DIAS DO VENCIMENTO.                                                                                                                                                                                                         01112000000000000000111200000000000000       0090028004416120022521112014000003
9                                                                                                                                                                                                                                                                                                                                                                                                         000004