01REMESSA01COBRANCA       00000000000005316116AIRES CONSTRUTORA E INCORPORAD237BRADESCO       100221        MX0000164                                                                                                                                                                                                                                                                                     000001
100000000000000000000009002800441612000000000000000000000000010002100029380702211300000000002            2  01293807022125022100000003564110000000001N090221000000000000000000000000000000000000000000000000000000000000000100029380708882EDUARDO MENDONCA DAMASCENO              RUA MONTE CASTELO - 296 AP.12 - AVIACAO             11702720                                                            000002
2SR. CAIXA, APOS O VENCIMENTO COBRAR 10% DE MULTA                                NAO RECEBER APOS 30 DIAS DO VENCIMENTO.                                                                                                                                                                                                         10022100000000000001002210000000000000       0090028004416120293807022113000003
100000000000000000000009002800441612000000000000000000000000010002100023988502211700000000002            2  01239885022125022100000003618940000000001N090221000000000000000000000000000000000000000000000000000000000000000100023988525634DALMY PIMENTA                           RUA JOAQUIM TELESFORO DE OLIVEIRA - 344             38061608                                                            000005
2SR. CAIXA, APOS O VENCIMENTO COBRAR 10% DE MULTA                                NAO RECEBER APOS 30 DIAS DO VENCIMENTO.                                                                                                                                                                                                         10022100000000000001002210000000000000       0090028004416120239885022117000006
100000000000000000000009002800441612000000000000000000000000010002100007975902211200000000002            2  01079759022125022100000003827310000000001N090221000000000000000000000000000000000000000000000000000000000000000100007975958808JOCY VIGNADO                            RUA PEDRO GONCALVES SOBRINHO - 568 - PAR            13098641                                                            000008
2SR. CAIXA, APOS O VENCIMENTO COBRAR 10% DE MULTA                                NAO RECEBER APOS 30 DIAS DO VENCIMENTO.                                                                                                                                                                                                         10022100000000000001002210000000000000       0090028004416120079759022112000009
100000000000000000000009002800441612000000000000000000000000010002100023132602211400000000002            2  01231326022125022100000002234580000000001N090221000000000000000000000000000000000000000000000000000000000000000100023132672882LEANDRO MORENO                          RUA MONTE CASTELO - 296 AP.64 - AVIACAO             11702720                                                            000011
2SR. CAIXA, APOS O VENCIMENTO COBRAR 10% DE MULTA                                NAO RECEBER APOS 30 DIAS DO VENCIMENTO.                                                                                                                                                                                                         10022100000000000001002210000000000000       0090028004416120231326022114000012
100000000000000000000009002800441612000000000000000000000000010002100099264602211300000000002            2  01992646022125022100000003810890000000001N090221000000000000000000000000000000000000000000000000000000000000000100099264692800LEONTINO PINHEIRO DA SILVA              AVENIDA JOAO BATISTA FITIPALDI - 469 - V            08685000                                                            000014
2SR. CAIXA, APOS O VENCIMENTO COBRAR 10% DE MULTA                                NAO RECEBER APOS 30 DIAS DO VENCIMENTO.                                                                                                                                                                                                         10022100000000000001002210000000000000       0090028004416120992646022113000015
100000000000000000000009002800441612000000000000000000000000010002100000666302211400000000002            2  01006663022125022100000003676440000000001N090221000000000000000000000000000000000000000000000000000000000000000100000666344825LUIZ HENRIQUE DE CAMPOS                 RUA JOAO CARLOS CAVALCANTI REIS - 21 - J            02281206                                                            000017
2SR. CAIXA, APOS O VENCIMENTO COBRAR 10% DE MULTA                                NAO RECEBER APOS 30 DIAS DO VENCIMENTO.                                                                                                                                                                                                         10022100000000000001002210000000000000       0090028004416120006663022114000018
100000000000000000000009002800441612000000000000000000000000010002100029155002211400000000002            2  01291550022125022100000003882460000000001N090221000000000000000000000000000000000000000000000000000000000000000100029155026842DANIELA YOSHIDA                         RUA MONTE CASTELO - 262 AP.34 - AVIACAO             11702720                                                            000020
2SR. CAIXA, APOS O VENCIMENTO COBRAR 10% DE MULTA                                NAO RECEBER APOS 30 DIAS DO VENCIMENTO.                                                                                                                                                                                                         10022100000000000001002210000000000000       0090028004416120291550022114000021
100000000000000000000009002800441612000000000000000000000000010002100001204402211800000000002            2  01012044022125022100000003161720000000001N090221000000000000000000000000000000000000000000000000000000000000000100001204431809CEZAR TALAVERA JUNIOR                   RUA MAESTRO ARTURO DE ANGELIS  - 190 AP.            05139010                                                            000023
2SR. CAIXA, APOS O VENCIMENTO COBRAR 10% DE MULTA                                NAO RECEBER APOS 30 DIAS DO VENCIMENTO.                                                                                                                                                                                                         10022100000000000001002210000000000000       0090028004416120012044022118000024
100000000000000000000009002800441612000000000000000000000000010002100004227502211700000000002            2  01042275022125022100000004098540000000001N090221000000000000000000000000000000000000000000000000000000000000000100004227553970ALESSANDRO ISRAEL GOULART               RUA PROFESSORA CARLINDA RIBEIRO - 21 - F            02866200                                                            000026
2SR. CAIXA, APOS O VENCIMENTO COBRAR 10% DE MULTA                                NAO RECEBER APOS 30 DIAS DO VENCIMENTO.                                                                                                                                                                                                         10022100000000000001002210000000000000       0090028004416120042275022117000027
100000000000000000000009002800441612000000000000000000000000010002100060811402211000000000002            2  01608114022125022100000003777270000000001N090221000000000000000000000000000000000000000000000000000000000000000100060811420868HELIO BASSI                             AV.PARIS,575 - PRACA ANTONIO FIGUEROA -             11700082                                                            000029
2SR. CAIXA, APOS O VENCIMENTO COBRAR 10% DE MULTA                                NAO RECEBER APOS 30 DIAS DO VENCIMENTO.                                                                                                                                                                                                         10022100000000000001002210000000000000       0090028004416120608114022110000030
100000000000000000000009002800441612000000000000000000000000010002100001024702211000000000002            2  01010247022125022100000003574300000000001N090221000000000000000000000000000000000000000000000000000000000000000100001024794881CLAUDIO RODRIGUES                       RUA ARACATUBA - 242 - LAPA - SAO PAULO -            05058010                                                            000032
2SR. CAIXA, APOS O VENCIMENTO COBRAR 10% DE MULTA                                NAO RECEBER APOS 30 DIAS DO VENCIMENTO.                                                                                                                                                                                                         10022100000000000001002210000000000000       0090028004416120010247022110000033
100000000000000000000009002800441612000000000000000000000000010002100002225002211100000000002            2  01022250022125022100000005479890000000001N090221000000000000000000000000000000000000000000000000000000000000000100002225072841PEDRO EDUARDO DE AZEVEDO                RUA NATH ZILMAN - 46 - JARDIM SAMAMBAIA             07623085                                                            000035
2SR. CAIXA, APOS O VENCIMENTO COBRAR 10% DE MULTA                                NAO RECEBER APOS 30 DIAS DO VENCIMENTO.                                                                                                                                                                                                         10022100000000000001002210000000000000       0090028004416120022250022111000036
100000000000000000000009002800441612000000000000000000000000010002100022037502211P00000000002            2  01220375022125022100000003813390000000001N090221000000000000000000000000000000000000000000000000000000000000000100022037552882ANDREIA CRISTINA FERNANDES DANTAS       PCA CASTRO ALVES - 163 AP.33 - VILA SAO             13224299                                                            000038
2SR. CAIXA, APOS O VENCIMENTO COBRAR 10% DE MULTA                                NAO RECEBER APOS 30 DIAS DO VENCIMENTO.                                                                                                                                                                                                         10022100000000000001002210000000000000       009002800441612022037502211P000039
100000000000000000000009002800441612000000000000000000000000010002100027198402211100000000002            2  01271984022125022100000002630070000000001N090221000000000000000000000000000000000000000000000000000000000000000100027198452809CRISTIANE AURELIANO DA SILVA MAIA       RUA MONTE CASTELO - 262 AP.25 - AVIACAO             11702720                                                            000041
2SR. CAIXA, APOS O VENCIMENTO COBRAR 10% DE MULTA                                NAO RECEBER APOS 30 DIAS DO VENCIMENTO.                                                                                                                                                                                                         10022100000000000001002210000000000000       0090028004416120271984022111000042
100000000000000000000009002800441612000000000000000000000000010002100021246202211500000000002            2  01212462022125022100000003209750000000001N090221000000000000000000000000000000000000000000000000000000000000000100021246231840ALEXANDRO DA CUNHA MIGUES               RUA DULCE - 71  - VILA CARRAO - SAO PAUL            03427040                                                            000044
2SR. CAIXA, APOS O VENCIMENTO COBRAR 10% DE MULTA                                NAO RECEBER APOS 30 DIAS DO VENCIMENTO.                                                                                                                                                                                                         10022100000000000001002210000000000000       0090028004416120212462022115000045
100000000000000000000009002800441612000000000000000000000000010002100018470502211500000000002            2  01184705022125022100000004722000000000001N090221000000000000000000000000000000000000000000000000000000000000000100018470520881SILVANA ALVES DE OLIVEIRA               RUA MONTE CASTELO - 262 AP.91 - AVIACAO             11702720                                                            000047
2SR. CAIXA, APOS O VENCIMENTO COBRAR 10% DE MULTA                                NAO RECEBER APOS 30 DIAS DO VENCIMENTO.                                                                                                                                                                                                         10022100000000000001002210000000000000       0090028004416120184705022115000048
100000000000000000000009002800441612000000000000000000000000010002100009297502211500000000002            2  01092975022125022100000003287400000000001N090221000000000000000000000000000000000000000000000000000000000000000100009297523846MARCOS ROBERTO DE CASTRO FERREIRA       RUA MONTE CASTELO - 262 AP.105 - AVIACAO            11702720                                                            000050
2SR. CAIXA, APOS O VENCIMENTO COBRAR 10% DE MULTA                                NAO RECEBER APOS 30 DIAS DO VENCIMENTO.                                                                                                                                                                                                         10022100000000000001002210000000000000       0090028004416120092975022115000051
100000000000000000000009002800441612000000000000000000000000010002100001164102211400000000002            2  01011641022125022100000004073860000000001N090221000000000000000000000000000000000000000000000000000000000000000100001164158864DAVID BLEY LACERDA                      RUA CONEGO ARAUJO MARCONDES - 188 - BAIR            02550080                                                            000053
2SR. CAIXA, APOS O VENCIMENTO COBRAR 10% DE MULTA                                NAO RECEBER APOS 30 DIAS DO VENCIMENTO.                                                                                                                                                                                                         10022100000000000001002210000000000000       0090028004416120011641022114000054
100000000000000000000009002800441612000000000000000000000000010002100031498002211800000000002            2  01314980022125022100000004951180000000001N090221000000000000000000000000000000000000000000000000000000000000000100031498008895POLIANE  SIBELE DA SILVA                PRACA GENERAL COSTA BARRETO - 56 AP.181             03325070                                                            000056
2SR. CAIXA, APOS O VENCIMENTO COBRAR 10% DE MULTA                                NAO RECEBER APOS 30 DIAS DO VENCIMENTO.                                                                                                                                                                                                         10022100000000000001002210000000000000       0090028004416120314980022118000057
100000000000000000000009002800441612000000000000000000000000010002100000588102211100000000002            2  01005881022125022100000002903950000000001N090221000000000000000000000000000000000000000000000000000000000000000100000588109860JOSE LIARTE GIANTE                      AVENIDA LUIZ GONZAGA DO AMARAL - 143 - J            09320630                                                            000059
2SR. CAIXA, APOS O VENCIMENTO COBRAR 10% DE MULTA                                NAO RECEBER APOS 30 DIAS DO VENCIMENTO.                                                                                                                                                                                                         10022100000000000001002210000000000000       0090028004416120005881022111000060
100000000000000000000009002800441612000000000000000000000000010002100014386802211400000000002            2  01143868022125022100000002323050000000001N090221000000000000000000000000000000000000000000000000000000000000000100014386860134SEVERINO CARLOS DE OLIVEIRA             RUA MONTE CASTELO - 262 AP.54 - AVIACAO             11702720                                                            000062
2SR. CAIXA, APOS O VENCIMENTO COBRAR 10% DE MULTA                                NAO RECEBER APOS 30 DIAS DO VENCIMENTO.                                                                                                                                                                                                         10022100000000000001002210000000000000       0090028004416120143868022114000063
100000000000000000000009002800441612000000000000000000000000010002100039393702211P00000000002            2  01393937022125022100000001601070000000001N090221000000000000000000000000000000000000000000000000000000000000000100039393790850NAIRON RICARDO DE ARAUJO SANTOS         RUA NITEROI - 267 CASA 04 - JARDIM INDEP            11380350                                                            000065
2SR. CAIXA, APOS O VENCIMENTO COBRAR 10% DE MULTA                                NAO RECEBER APOS 30 DIAS DO VENCIMENTO.                                                                                                                                                                                                         10022100000000000001002210000000000000       009002800441612039393702211P000066
100000000000000000000009002800441612000000000000000000000000010002100004735202211900000000002            2  01047352022125022100000001651520000000001N090221000000000000000000000000000000000000000000000000000000000000000100004735273832DARIO LUIZ GONCALVES                    RUA MONTE CASTELO - 295 AP.113 - AVIACAO            11702720                                                            000068
2SR. CAIXA, APOS O VENCIMENTO COBRAR 10% DE MULTA                                NAO RECEBER APOS 30 DIAS DO VENCIMENTO.                                                                                                                                                                                                         10022100000000000001002210000000000000       0090028004416120047352022119000069
100000000000000000000009002800441612000000000000000000000000010002100019288702211800000000002            2  01192887022125022100000002156220000000001N090221000000000000000000000000000000000000000000000000000000000000000100019288787844EMERSON LUIZ MARTINEZ PEREIRA           RUA MONTE CASTELO - 296 AP.74 - AVIACAO             11702720                                                            000071
2SR. CAIXA, APOS O VENCIMENTO COBRAR 10% DE MULTA                                NAO RECEBER APOS 30 DIAS DO VENCIMENTO.                                                                                                                                                                                                         10022100000000000001002210000000000000       0090028004416120192887022118000072
9                                                                                                                                                                                                                                                                                                                                                                                                         000073