01REMESSA01COBRANCA       00000000000004991781AIRES CONSTRUTORA E INCORPORAD237BRADESCO       010819        MX0000125                                                                                                                                                                                                                                                                                     000001
100000000000000000000009077090006612500000000000000000000000010002100094852208191000000000002            2  01948522081910081900000002362300000000001N010819000000000000000000000000000000000000000000000000000000000000000100094852294887GISELDA MENON                           RUA OTAVIO BARRETO - 105 - VILA SANTISTA            02560080                                                            000002
2SR. CAIXA, APOS O VENCIMENTO COBRAR 10% DE MULTA                                NAO RECEBER APOS 30 DIAS DO VENCIMENTO.                                                                                                                                                                                                         01081900000000000000108190000000000000       0090770900066125948522081910000003
100000000000000000000009077090006612500000000000000000000000010002100006485908191700000000002            2  01064859081910081900000003623010000000001N010819000000000000000000000000000000000000000000000000000000000000000100006485911820CELIO MANUEL  MELIM SANTO               RUA JUVENAL FERREIRA  - 85 AP.61 - VILA             03512040                                                            000005
2SR. CAIXA, APOS O VENCIMENTO COBRAR 10% DE MULTA                                NAO RECEBER APOS 30 DIAS DO VENCIMENTO.                                                                                                                                                                                                         01081900000000000000108190000000000000       0090770900066125064859081917000006
100000000000000000000009077090006612500000000000000000000000010002100004693808191600000000002            2  01046938081910081900000003157720000000001N010819000000000000000000000000000000000000000000000000000000000000000100004693857823NIVALDO BARTOLOMEU FERREIRA             MNS JOSE MARINONI  - 33 - SANTO AMARO -             04430350                                                            000008
2SR. CAIXA, APOS O VENCIMENTO COBRAR 10% DE MULTA                                NAO RECEBER APOS 30 DIAS DO VENCIMENTO.                                                                                                                                                                                                         01081900000000000000108190000000000000       0090770900066125046938081916000009
100000000000000000000009077090006612500000000000000000000000010002100027993108191500000000002            2  01279931081910081900000003006850000000001N010819000000000000000000000000000000000000000000000000000000000000000100027993108853DALVA JESUS RODRIGUES CABRAL            RUA CRISTOVAO COLOMBO GONCALVES - 97 - C            04811050                                                            000011
2SR. CAIXA, APOS O VENCIMENTO COBRAR 10% DE MULTA                                NAO RECEBER APOS 30 DIAS DO VENCIMENTO.                                                                                                                                                                                                         01081900000000000000108190000000000000       0090770900066125279931081915000012
100000000000000000000009077090006612500000000000000000000000010002100000455408191400000000002            2  01004554081910081900000003123430000000001N010819000000000000000000000000000000000000000000000000000000000000000100000455495831PAULO HENRIQUE LOURENCO                 RUA FIGUEIRA  - 237 - CIDADE DAS FLORES             06184060                                                            000014
2SR. CAIXA, APOS O VENCIMENTO COBRAR 10% DE MULTA                                NAO RECEBER APOS 30 DIAS DO VENCIMENTO.                                                                                                                                                                                                         01081900000000000000108190000000000000       0090770900066125004554081914000015
100000000000000000000009077090006612500000000000000000000000010002100006140008191500000000002            2  01061400081910081900000003873480000000001N010819000000000000000000000000000000000000000000000000000000000000000100006140049857MARIA ALBANI DA SILVA EUSEBIO           RUA ORLANDO SEGALA - 108 - JARDIM ADRIAN            07135190                                                            000017
2SR. CAIXA, APOS O VENCIMENTO COBRAR 10% DE MULTA                                NAO RECEBER APOS 30 DIAS DO VENCIMENTO.                                                                                                                                                                                                         01081900000000000000108190000000000000       0090770900066125061400081915000018
100000000000000000000009077090006612500000000000000000000000010002100007768708191400000000002            2  01077687081910081900000003934810000000001N010819000000000000000000000000000000000000000000000000000000000000000100007768713826FATIMA LUZIA BIANCHI                    RUA MONTE CASTELO - 295 AP.121 - AVIACAO            11702720                                                            000020
2SR. CAIXA, APOS O VENCIMENTO COBRAR 10% DE MULTA                                NAO RECEBER APOS 30 DIAS DO VENCIMENTO.                                                                                                                                                                                                         01081900000000000000108190000000000000       0090770900066125077687081914000021
100000000000000000000009077090006612500000000000000000000000010002100021716808191100000000002            2  01217168081910081900000003876390000000001N010819000000000000000000000000000000000000000000000000000000000000000100021716847800ANDRE LUIZ FAGUNDES DE A.MATOS          CONDE MOREIRA LIMA - 644 - JARDIM JABAQU            04384032                                                            000023
2SR. CAIXA, APOS O VENCIMENTO COBRAR 10% DE MULTA                                NAO RECEBER APOS 30 DIAS DO VENCIMENTO.                                                                                                                                                                                                         01081900000000000000108190000000000000       0090770900066125217168081911000024
100000000000000000000009077090006612500000000000000000000000010002100085416908191500000000002            2  01854169081910081900000003286090000000001N010819000000000000000000000000000000000000000000000000000000000000000100085416940891ANTONIO DE SOUSA MENDES                 RUA MONTE CASTELO - 296 AP.52 - AVIACAO             11702720                                                            000026
2SR. CAIXA, APOS O VENCIMENTO COBRAR 10% DE MULTA                                NAO RECEBER APOS 30 DIAS DO VENCIMENTO.                                                                                                                                                                                                         01081900000000000000108190000000000000       0090770900066125854169081915000027
100000000000000000000009077090006612500000000000000000000000010002100005678008191900000000002            2  01056780081910081900000003422390000000001N010819000000000000000000000000000000000000000000000000000000000000000100005678057863FABIO MOREIRA CAMPOS                    RUA FLORENCIO DA SILVA - 284 - VILA LIBA            03738070                                                            000029
2SR. CAIXA, APOS O VENCIMENTO COBRAR 10% DE MULTA                                NAO RECEBER APOS 30 DIAS DO VENCIMENTO.                                                                                                                                                                                                         01081900000000000000108190000000000000       0090770900066125056780081919000030
100000000000000000000009077090006612500000000000000000000000010002100016348208191500000000002            2  01163482081910081900000003338790000000001N010819000000000000000000000000000000000000000000000000000000000000000100016348237885AILTON LORENA                           AVENIDA BRASILIA - 194 - BELA VISTA - SA            09180260                                                            000032
2SR. CAIXA, APOS O VENCIMENTO COBRAR 10% DE MULTA                                NAO RECEBER APOS 30 DIAS DO VENCIMENTO.                                                                                                                                                                                                         01081900000000000000108190000000000000       0090770900066125163482081915000033
100000000000000000000009077090006612500000000000000000000000010002100081218408191900000000002            2  01812184081910081900000003222360000000001N010819000000000000000000000000000000000000000000000000000000000000000100081218486953OSMAR DA COSTA                          RUA MONTE CASTELO - 295 AP.33 - AVIACAO             11702720                                                            000035
2SR. CAIXA, APOS O VENCIMENTO COBRAR 10% DE MULTA                                NAO RECEBER APOS 30 DIAS DO VENCIMENTO.                                                                                                                                                                                                         01081900000000000000108190000000000000       0090770900066125812184081919000036
100000000000000000000009077090006612500000000000000000000000010002100004981808191100000000002            2  01049818081910081900000003660010000000001N010819000000000000000000000000000000000000000000000000000000000000000100004981884850SILVIO PAULINO GONCALVES                MARIA DE CASTRO MESQUITA - 84 AP.103 BLO            07110040                                                            000038
2SR. CAIXA, APOS O VENCIMENTO COBRAR 10% DE MULTA                                NAO RECEBER APOS 30 DIAS DO VENCIMENTO.                                                                                                                                                                                                         01081900000000000000108190000000000000       0090770900066125049818081911000039
100000000000000000000009077090006612500000000000000000000000010002100019282508191600000000002            2  01192825081910081900000002402420000000001N010819000000000000000000000000000000000000000000000000000000000000000100019282546837FABIO LEANDRO DE FREITAS ASSIS          RUA BASSIM NAGIB TRABULSI - 97 - PONTA D            11030540                                                            000041
2SR. CAIXA, APOS O VENCIMENTO COBRAR 10% DE MULTA                                NAO RECEBER APOS 30 DIAS DO VENCIMENTO.                                                                                                                                                                                                         01081900000000000000108190000000000000       0090770900066125192825081916000042
100000000000000000000009077090006612500000000000000000000000010002100008423408191P00000000002            2  01084234081910081900000003338720000000001N010819000000000000000000000000000000000000000000000000000000000000000100008423485811EDSON LUIZ NUNES                        RUA NOEMIA PEDROSO BUENO - 41 - JARDIM G            09360440                                                            000044
2SR. CAIXA, APOS O VENCIMENTO COBRAR 10% DE MULTA                                NAO RECEBER APOS 30 DIAS DO VENCIMENTO.                                                                                                                                                                                                         01081900000000000000108190000000000000       009077090006612508423408191P000045
100000000000000000000009077090006612500000000000000000000000010002100009777208191600000000002            2  01097772081910081900000003029010000000001N010819000000000000000000000000000000000000000000000000000000000000000100009777281889CARLITA DE FIGUEIREDO CARVALHO          AVENIDA ALBERTO DE ALMEIDA VINHAS - 4462            11701350                                                            000047
2SR. CAIXA, APOS O VENCIMENTO COBRAR 10% DE MULTA                                NAO RECEBER APOS 30 DIAS DO VENCIMENTO.                                                                                                                                                                                                         01081900000000000000108190000000000000       0090770900066125097772081916000048
100000000000000000000009077090006612500000000000000000000000010002100004213008191300000000002            2  01042130081910081900000003597210000000001N010819000000000000000000000000000000000000000000000000000000000000000100004213020894ELIETE DRUGOVICH DE LIMA                RUA OSVALDO CRUZ - 141 AP.144-B - SANTA             09541270                                                            000050
2SR. CAIXA, APOS O VENCIMENTO COBRAR 10% DE MULTA                                NAO RECEBER APOS 30 DIAS DO VENCIMENTO.                                                                                                                                                                                                         01081900000000000000108190000000000000       0090770900066125042130081913000051
100000000000000000000009077090006612500000000000000000000000010002100043122808191800000000002            2  01431228081910081900000002451850000000001N010819000000000000000000000000000000000000000000000000000000000000000100043122850800ANTONIO JOAQUIM GOES                    ANTONIO DOAS DA SILVA - 412 - VILA AMALI            02618110                                                            000053
2SR. CAIXA, APOS O VENCIMENTO COBRAR 10% DE MULTA                                NAO RECEBER APOS 30 DIAS DO VENCIMENTO.                                                                                                                                                                                                         01081900000000000000108190000000000000       0090770900066125431228081918000054
100000000000000000000009077090006612500000000000000000000000010002100003865708191400000000002            2  01038657081910081900000003219100000000001N010819000000000000000000000000000000000000000000000000000000000000000100003865776841FRANCISCO JOSE ROCCO                    RUA FABIO JOSE BEZERRA - 130 AP.86 - PAR            03805000                                                            000056
2SR. CAIXA, APOS O VENCIMENTO COBRAR 10% DE MULTA                                NAO RECEBER APOS 30 DIAS DO VENCIMENTO.                                                                                                                                                                                                         01081900000000000000108190000000000000       0090770900066125038657081914000057
100000000000000000000009077090006612500000000000000000000000010002100028309508191000000000002            2  01283095081910081900000002870690000000001N010819000000000000000000000000000000000000000000000000000000000000000100028309524803DEISE RIBEIRO BARBOSA                   RUA CANDIDO JOSE DE ANDRADE - 173 - ERME            03807030                                                            000059
2SR. CAIXA, APOS O VENCIMENTO COBRAR 10% DE MULTA                                NAO RECEBER APOS 30 DIAS DO VENCIMENTO.                                                                                                                                                                                                         01081900000000000000108190000000000000       0090770900066125283095081910000060
100000000000000000000009077090006612500000000000000000000000010002100011277908191000000000002            2  01112779081910081900000003407190000000001N010819000000000000000000000000000000000000000000000000000000000000000100011277908893JOSE AILTON LOPES DE AZEVEDO            RUA MAESTRO JOAO SEPE - 19 - JARDIM MARI            04181030                                                            000062
2SR. CAIXA, APOS O VENCIMENTO COBRAR 10% DE MULTA                                NAO RECEBER APOS 30 DIAS DO VENCIMENTO.                                                                                                                                                                                                         01081900000000000000108190000000000000       0090770900066125112779081910000063
100000000000000000000009077090006612500000000000000000000000010002100025215108191800000000002            2  01252151081910081900000002569440000000001N010819000000000000000000000000000000000000000000000000000000000000000100025215106886KLEBER LUIZ DOS SANTOS                  RUA MONTE CASTELO - 262 AP.15 - AVIACAO             11702720                                                            000065
2SR. CAIXA, APOS O VENCIMENTO COBRAR 10% DE MULTA                                NAO RECEBER APOS 30 DIAS DO VENCIMENTO.                                                                                                                                                                                                         01081900000000000000108190000000000000       0090770900066125252151081918000066
100000000000000000000009077090006612500000000000000000000000010002100090206708191500000000002            2  01902067081910081900000002869980000000001N010819000000000000000000000000000000000000000000000000000000000000000100090206789815NEREIDE RODRIGUES FERREIRA              AVENIDA PADRE ESTANISLAU DE CAMPOS - 205            03590060                                                            000068
2SR. CAIXA, APOS O VENCIMENTO COBRAR 10% DE MULTA                                NAO RECEBER APOS 30 DIAS DO VENCIMENTO.                                                                                                                                                                                                         01081900000000000000108190000000000000       0090770900066125902067081915000069
100000000000000000000009077090006612500000000000000000000000010002100029150708191300000000002            2  01291507081910081900000003359340000000001N010819000000000000000000000000000000000000000000000000000000000000000100029150742833ANA DEISE SANTOS DE ALMEIDA             RUA MONTE CASTELO - 296 AP.121 - AVIACAO            11702720                                                            000071
2SR. CAIXA, APOS O VENCIMENTO COBRAR 10% DE MULTA                                NAO RECEBER APOS 30 DIAS DO VENCIMENTO.                                                                                                                                                                                                         01081900000000000000108190000000000000       0090770900066125291507081913000072
100000000000000000000009077090006612500000000000000000000000010002100000811708191900000000002            2  01008117081910081900000002767040000000001N010819000000000000000000000000000000000000000000000000000000000000000100000811752801SERGIO BUENO DA SILVA                   RUA MONTE CASTELO - 262 AP.75 - AVIACAO             11702720                                                            000074
2SR. CAIXA, APOS O VENCIMENTO COBRAR 10% DE MULTA                                NAO RECEBER APOS 30 DIAS DO VENCIMENTO.                                                                                                                                                                                                         01081900000000000000108190000000000000       0090770900066125008117081919000075
100000000000000000000009077090006612500000000000000000000000010002100018344808191500000000002            2  01183448081910081900000003517490000000001N010819000000000000000000000000000000000000000000000000000000000000000100018344803888MARCELO BERNARDO                        RUA MONTE CASTELO - 262 AP.84 - AVIACAO             11702720                                                            000077
2SR. CAIXA, APOS O VENCIMENTO COBRAR 10% DE MULTA                                NAO RECEBER APOS 30 DIAS DO VENCIMENTO.                                                                                                                                                                                                         01081900000000000000108190000000000000       0090770900066125183448081915000078
100000000000000000000009077090006612500000000000000000000000010002100004004308191200000000002            2  01040043081910081900000004931420000000001N010819000000000000000000000000000000000000000000000000000000000000000100004004328896VANDERLEI  MARTINS DE ALMEIDA           RUA MONSENHOR TABOSA - 03 - PARQUE CISPE            03819300                                                            000080
2SR. CAIXA, APOS O VENCIMENTO COBRAR 10% DE MULTA                                NAO RECEBER APOS 30 DIAS DO VENCIMENTO.                                                                                                                                                                                                         01081900000000000000108190000000000000       0090770900066125040043081912000081
100000000000000000000009077090006612500000000000000000000000010002100005133008191700000000002            2  01051330081910081900000003368320000000001N010819000000000000000000000000000000000000000000000000000000000000000100005133053860VICENTE ARCIPRETE JUNIOR                RUA JOSE SIMOES FERREIRA FILHO - 80 - JA            06040090                                                            000083
2SR. CAIXA, APOS O VENCIMENTO COBRAR 10% DE MULTA                                NAO RECEBER APOS 30 DIAS DO VENCIMENTO.                                                                                                                                                                                                         01081900000000000000108190000000000000       0090770900066125051330081917000084
100000000000000000000009077090006612500000000000000000000000010002100016339408191300000000002            2  01163394081910081900000002975300000000001N010819000000000000000000000000000000000000000000000000000000000000000100016339432832ALEX MONTEIRO DA SILVA                  RUA IVA MOURA LIMA - 04 - JARDIM MIRNA I            04855540                                                            000086
2SR. CAIXA, APOS O VENCIMENTO COBRAR 10% DE MULTA                                NAO RECEBER APOS 30 DIAS DO VENCIMENTO.                                                                                                                                                                                                         01081900000000000000108190000000000000       0090770900066125163394081913000087
100000000000000000000009077090006612500000000000000000000000010002100031803808191000000000002            2  01318038081910081900000003038390000000001N010819000000000000000000000000000000000000000000000000000000000000000100031803864877ELEILSON FELIPPE SANTOS                 RUA SANTA GREGORIA - 193 - CIDADE DUTRA             04806030                                                            000089
2SR. CAIXA, APOS O VENCIMENTO COBRAR 10% DE MULTA                                NAO RECEBER APOS 30 DIAS DO VENCIMENTO.                                                                                                                                                                                                         01081900000000000000108190000000000000       0090770900066125318038081910000090
100000000000000000000009077090006612500000000000000000000000010002100026032608191900000000002            2  01260326081910081900000002090910000000001N010819000000000000000000000000000000000000000000000000000000000000000100026032632857MARILA LOPES PEREIRA                    AVENIDA LUIZ GISHOKEM - 1761 AP.13 BL.05            05831315                                                            000092
2SR. CAIXA, APOS O VENCIMENTO COBRAR 10% DE MULTA                                NAO RECEBER APOS 30 DIAS DO VENCIMENTO.                                                                                                                                                                                                         01081900000000000000108190000000000000       0090770900066125260326081919000093
100000000000000000000009077090006612500000000000000000000000010002100063064508191500000000002            2  01630645081910081900000003620790000000001N010819000000000000000000000000000000000000000000000000000000000000000100063064537849ANTONIO APARECIDO DA SILVA DESTEFANO    RUA PROFESSOR TEODORO BRAGA - 46 - VILA             02966020                                                            000095
2SR. CAIXA, APOS O VENCIMENTO COBRAR 10% DE MULTA                                NAO RECEBER APOS 30 DIAS DO VENCIMENTO.                                                                                                                                                                                                         01081900000000000000108190000000000000       0090770900066125630645081915000096
100000000000000000000009077090006612500000000000000000000000010002100010107708191000000000002            2  01101077081910081900000003469790000000001N010819000000000000000000000000000000000000000000000000000000000000000100010107711834VALDEMAR FECCHIO                        RUA DEPUTADO EMILIO CARLOS - 355 AP.21-B            06028010                                                            000098
2SR. CAIXA, APOS O VENCIMENTO COBRAR 10% DE MULTA                                NAO RECEBER APOS 30 DIAS DO VENCIMENTO.                                                                                                                                                                                                         01081900000000000000108190000000000000       0090770900066125101077081910000099
100000000000000000000009077090006612500000000000000000000000010002100003330708191P00000000002            2  01033307081910081900000004463700000000001N010819000000000000000000000000000000000000000000000000000000000000000100003330791837MARLI DA SILVA BARBOSA                  RUA GLICERIO CERQUEIRA LEITE - 151 - JAR            03675040                                                            000101
2SR. CAIXA, APOS O VENCIMENTO COBRAR 10% DE MULTA                                NAO RECEBER APOS 30 DIAS DO VENCIMENTO.                                                                                                                                                                                                         01081900000000000000108190000000000000       009077090006612503330708191P000102
100000000000000000000009077090006612500000000000000000000000010002100008931008191800000000002            2  01089310081910081900000001814430000000001N010819000000000000000000000000000000000000000000000000000000000000000100008931031874BENEVENUTO THEODORO DA SILVA NETO       RUA MONTE CASTELO - 296 AP.63 - AVIACAO             11702720                                                            000104
2SR. CAIXA, APOS O VENCIMENTO COBRAR 10% DE MULTA                                NAO RECEBER APOS 30 DIAS DO VENCIMENTO.                                                                                                                                                                                                         01081900000000000000108190000000000000       0090770900066125089310081918000105
100000000000000000000009077090006612500000000000000000000000010002100005920508191400000000002            2  01059205081910081900000002108050000000001N010819000000000000000000000000000000000000000000000000000000000000000100005920579846SONIA MARIA VALDO POLLO                 RUA PALMIRA CERVI BARBARO - 797 - CIDADE            13214370                                                            000107
2SR. CAIXA, APOS O VENCIMENTO COBRAR 10% DE MULTA                                NAO RECEBER APOS 30 DIAS DO VENCIMENTO.                                                                                                                                                                                                         01081900000000000000108190000000000000       0090770900066125059205081914000108
100000000000000000000009077090006612500000000000000000000000010002100002494108191500000000002            2  01024941081910081900000003169520000000001N010819000000000000000000000000000000000000000000000000000000000000000100002494107881CIRO FRANCISCO MARCHI DURIGON           RUA MONTE CASTELO - 262 AP.115 - AVIACAO            11702720                                                            000110
2SR. CAIXA, APOS O VENCIMENTO COBRAR 10% DE MULTA                                NAO RECEBER APOS 30 DIAS DO VENCIMENTO.                                                                                                                                                                                                         01081900000000000000108190000000000000       0090770900066125024941081915000111
100000000000000000000009077090006612500000000000000000000000010002100007002308191200000000002            2  01070023081910081900000003115810000000001N010819000000000000000000000000000000000000000000000000000000000000000100007002345869DOMINGOS DE BRITO GALVAO                RUA MONTE CASTELO - 262 AP.44 - AVIACAO             11702720                                                            000113
2SR. CAIXA, APOS O VENCIMENTO COBRAR 10% DE MULTA                                NAO RECEBER APOS 30 DIAS DO VENCIMENTO.                                                                                                                                                                                                         01081900000000000000108190000000000000       0090770900066125070023081912000114
100000000000000000000009077090006612500000000000000000000000010002100009346808191200000000002            2  01093468081910081900000001297900000000001N010819000000000000000000000000000000000000000000000000000000000000000100009346863862NELSON DE SOUZA SANTOS                  RUA PRIMEIRA CRUZ - 90 - PARQUE INDEPEND            03236060                                                            000116
2SR. CAIXA, APOS O VENCIMENTO COBRAR 10% DE MULTA                                NAO RECEBER APOS 30 DIAS DO VENCIMENTO.                                                                                                                                                                                                         01081900000000000000108190000000000000       0090770900066125093468081912000117
100000000000000000000009077090006612500000000000000000000000010002100016299008191600000000002            2  01162990081910081900000003003650000000001N010819000000000000000000000000000000000000000000000000000000000000000100016299008857FERNANDO CESAR CARVALHO                 AVENIDA MARCONDES DE BRITO - 1340 AP.74             03509000                                                            000119
2SR. CAIXA, APOS O VENCIMENTO COBRAR 10% DE MULTA                                NAO RECEBER APOS 30 DIAS DO VENCIMENTO.                                                                                                                                                                                                         01081900000000000000108190000000000000       0090770900066125162990081916000120
100000000000000000000009077090006612500000000000000000000000010002100031082808191P00000000002            2  01310828081910081900000003018200000000001N010819000000000000000000000000000000000000000000000000000000000000000100031082898880VANESSA DOS SANTOS NEIVA                RUA MONTE CASTELO - 296 AP.33 - BAIRRO A            11702720                                                            000122
2SR. CAIXA, APOS O VENCIMENTO COBRAR 10% DE MULTA                                NAO RECEBER APOS 30 DIAS DO VENCIMENTO.                                                                                                                                                                                                         01081900000000000000108190000000000000       009077090006612531082808191P000123
100000000000000000000009077090006612500000000000000000000000010002100065895308191P00000000002            2  01658953081910081900000001837650000000001N010819000000000000000000000000000000000000000000000000000000000000000100065895304834MARINHO BARBOSA CUNHA                   AVENIDA EDU CHAVES - 639 AP.43 - PARQUE             02229000                                                            000125
2SR. CAIXA, APOS O VENCIMENTO COBRAR 10% DE MULTA                                NAO RECEBER APOS 30 DIAS DO VENCIMENTO.                                                                                                                                                                                                         01081900000000000000108190000000000000       009077090006612565895308191P000126
9                                                                                                                                                                                                                                                                                                                                                                                                         000127