01REMESSA01COBRANCA       00000000000005316116AIRES CONSTRUTORA E INCORPORAD237BRADESCO       091121        MX0000182                                                                                                                                                                                                                                                                                     000001
100000000000000000000009002800441612000000000000000000000000010002100023132611211300000000002            2  01231326112125112100000002337170000000001N081121000000000000000000000000000000000000000000000000000000000000000100023132672882LEANDRO MORENO                          RUA MONTE CASTELO - 296 AP.64 - AVIACAO             11702720                                                            000002
2SR. CAIXA, APOS O VENCIMENTO COBRAR 10% DE MULTA                                NAO RECEBER APOS 30 DIAS DO VENCIMENTO.                                                                                                                                                                                                         09112100000000000000911210000000000000       0090028004416120231326112113000003
100000000000000000000009002800441612000000000000000000000000010002100000666311211300000000002            2  01006663112125112100000003845230000000001N081121000000000000000000000000000000000000000000000000000000000000000100000666344825LUIZ HENRIQUE DE CAMPOS                 RUA JOAO CARLOS CAVALCANTI REIS - 21 - J            02281206                                                            000005
2SR. CAIXA, APOS O VENCIMENTO COBRAR 10% DE MULTA                                NAO RECEBER APOS 30 DIAS DO VENCIMENTO.                                                                                                                                                                                                         09112100000000000000911210000000000000       0090028004416120006663112113000006
100000000000000000000009002800441612000000000000000000000000010002100029155011211300000000002            2  01291550112125112100000004060690000000001N081121000000000000000000000000000000000000000000000000000000000000000100029155026842DANIELA YOSHIDA                         RUA MONTE CASTELO - 262 AP.34 - AVIACAO             11702720                                                            000008
2SR. CAIXA, APOS O VENCIMENTO COBRAR 10% DE MULTA                                NAO RECEBER APOS 30 DIAS DO VENCIMENTO.                                                                                                                                                                                                         09112100000000000000911210000000000000       0090028004416120291550112113000009
100000000000000000000009002800441612000000000000000000000000010002100001204411211700000000002            2  01012044112125112100000003306890000000001N081121000000000000000000000000000000000000000000000000000000000000000100001204431809CEZAR TALAVERA JUNIOR                   RUA MAESTRO ARTURO DE ANGELIS  - 190 AP.            05139010                                                            000011
2SR. CAIXA, APOS O VENCIMENTO COBRAR 10% DE MULTA                                NAO RECEBER APOS 30 DIAS DO VENCIMENTO.                                                                                                                                                                                                         09112100000000000000911210000000000000       0090028004416120012044112117000012
100000000000000000000009002800441612000000000000000000000000010002100004227511211600000000002            2  01042275112125112100000004286720000000001N081121000000000000000000000000000000000000000000000000000000000000000100004227553970ALESSANDRO ISRAEL GOULART               RUA PROFESSORA CARLINDA RIBEIRO - 21 - F            02866200                                                            000014
2SR. CAIXA, APOS O VENCIMENTO COBRAR 10% DE MULTA                                NAO RECEBER APOS 30 DIAS DO VENCIMENTO.                                                                                                                                                                                                         09112100000000000000911210000000000000       0090028004416120042275112116000015
100000000000000000000009002800441612000000000000000000000000010002100001024711211P00000000002            2  01010247112125112100000003738390000000001N081121000000000000000000000000000000000000000000000000000000000000000100001024794881CLAUDIO RODRIGUES                       RUA ARACATUBA - 242 - LAPA - SAO PAULO -            05058010                                                            000017
2SR. CAIXA, APOS O VENCIMENTO COBRAR 10% DE MULTA                                NAO RECEBER APOS 30 DIAS DO VENCIMENTO.                                                                                                                                                                                                         09112100000000000000911210000000000000       009002800441612001024711211P000018
100000000000000000000009002800441612000000000000000000000000010002100002225011211000000000002            2  01022250112125112100000005731460000000001N081121000000000000000000000000000000000000000000000000000000000000000100002225072841PEDRO EDUARDO DE AZEVEDO                RUA NATH ZILMAN - 46 - JARDIM SAMAMBAIA             07623085                                                            000020
2SR. CAIXA, APOS O VENCIMENTO COBRAR 10% DE MULTA                                NAO RECEBER APOS 30 DIAS DO VENCIMENTO.                                                                                                                                                                                                         09112100000000000000911210000000000000       0090028004416120022250112110000021
100000000000000000000009002800441612000000000000000000000000010002100022037511211900000000002            2  01220375112125112100000003988460000000001N081121000000000000000000000000000000000000000000000000000000000000000100022037552882ANDREIA CRISTINA FERNANDES DANTAS       PCA CASTRO ALVES - 163 AP.33 - VILA SAO             13224299                                                            000023
2SR. CAIXA, APOS O VENCIMENTO COBRAR 10% DE MULTA                                NAO RECEBER APOS 30 DIAS DO VENCIMENTO.                                                                                                                                                                                                         09112100000000000000911210000000000000       0090028004416120220375112119000024
100000000000000000000009002800441612000000000000000000000000010002100027198411211000000000002            2  01271984112125112100000002750830000000001N081121000000000000000000000000000000000000000000000000000000000000000100027198452809CRISTIANE AURELIANO DA SILVA MAIA       RUA MONTE CASTELO - 262 AP.25 - AVIACAO             11702720                                                            000026
2SR. CAIXA, APOS O VENCIMENTO COBRAR 10% DE MULTA                                NAO RECEBER APOS 30 DIAS DO VENCIMENTO.                                                                                                                                                                                                         09112100000000000000911210000000000000       0090028004416120271984112110000027
100000000000000000000009002800441612000000000000000000000000010002100021246211211400000000002            2  01212462112125112100000003357110000000001N081121000000000000000000000000000000000000000000000000000000000000000100021246231840ALEXANDRO DA CUNHA MIGUES               RUA DULCE - 71  - VILA CARRAO - SAO PAUL            03427040                                                            000029
2SR. CAIXA, APOS O VENCIMENTO COBRAR 10% DE MULTA                                NAO RECEBER APOS 30 DIAS DO VENCIMENTO.                                                                                                                                                                                                         09112100000000000000911210000000000000       0090028004416120212462112114000030
100000000000000000000009002800441612000000000000000000000000010002100018470511211400000000002            2  01184705112125112100000004938810000000001N081121000000000000000000000000000000000000000000000000000000000000000100018470520881SILVANA ALVES DE OLIVEIRA               RUA MONTE CASTELO - 262 AP.91 - AVIACAO             11702720                                                            000032
2SR. CAIXA, APOS O VENCIMENTO COBRAR 10% DE MULTA                                NAO RECEBER APOS 30 DIAS DO VENCIMENTO.                                                                                                                                                                                                         09112100000000000000911210000000000000       0090028004416120184705112114000033
100000000000000000000009002800441612000000000000000000000000010002100009297511211400000000002            2  01092975112125112100000003438330000000001N081121000000000000000000000000000000000000000000000000000000000000000100009297523846MARCOS ROBERTO DE CASTRO FERREIRA       RUA MONTE CASTELO - 262 AP.105 - AVIACAO            11702720                                                            000035
2SR. CAIXA, APOS O VENCIMENTO COBRAR 10% DE MULTA                                NAO RECEBER APOS 30 DIAS DO VENCIMENTO.                                                                                                                                                                                                         09112100000000000000911210000000000000       0090028004416120092975112114000036
100000000000000000000009002800441612000000000000000000000000010002100001164111211300000000002            2  01011641112125112100000004260890000000001N081121000000000000000000000000000000000000000000000000000000000000000100001164158864DAVID BLEY LACERDA                      RUA CONEGO ARAUJO MARCONDES - 188 - BAIR            02550080                                                            000038
2SR. CAIXA, APOS O VENCIMENTO COBRAR 10% DE MULTA                                NAO RECEBER APOS 30 DIAS DO VENCIMENTO.                                                                                                                                                                                                         09112100000000000000911210000000000000       0090028004416120011641112113000039
100000000000000000000009002800441612000000000000000000000000010002100031498011211700000000002            2  01314980112125112100000005178490000000001N081121000000000000000000000000000000000000000000000000000000000000000100031498008895POLIANE  SIBELE DA SILVA                PRACA GENERAL COSTA BARRETO - 56 AP.181             03325070                                                            000041
2SR. CAIXA, APOS O VENCIMENTO COBRAR 10% DE MULTA                                NAO RECEBER APOS 30 DIAS DO VENCIMENTO.                                                                                                                                                                                                         09112100000000000000911210000000000000       0090028004416120314980112117000042
100000000000000000000009002800441612000000000000000000000000010002100000588111211000000000002            2  01005881112125112100000003037280000000001N081121000000000000000000000000000000000000000000000000000000000000000100000588109860JOSE LIARTE GIANTE                      AVENIDA LUIZ GONZAGA DO AMARAL - 143 - J            09320630                                                            000044
2SR. CAIXA, APOS O VENCIMENTO COBRAR 10% DE MULTA                                NAO RECEBER APOS 30 DIAS DO VENCIMENTO.                                                                                                                                                                                                         09112100000000000000911210000000000000       0090028004416120005881112110000045
100000000000000000000009002800441612000000000000000000000000010002100014386811211300000000002            2  01143868112125112100000002429710000000001N081121000000000000000000000000000000000000000000000000000000000000000100014386860134SEVERINO CARLOS DE OLIVEIRA             RUA MONTE CASTELO - 262 AP.54 - AVIACAO             11702720                                                            000047
2SR. CAIXA, APOS O VENCIMENTO COBRAR 10% DE MULTA                                NAO RECEBER APOS 30 DIAS DO VENCIMENTO.                                                                                                                                                                                                         09112100000000000000911210000000000000       0090028004416120143868112113000048
100000000000000000000009002800441612000000000000000000000000010002100039393711211900000000002            2  01393937112125112100000001674600000000001N081121000000000000000000000000000000000000000000000000000000000000000100039393790850NAIRON RICARDO DE ARAUJO SANTOS         RUA NITEROI - 267 CASA 04 - JARDIM INDEP            11380350                                                            000050
2SR. CAIXA, APOS O VENCIMENTO COBRAR 10% DE MULTA                                NAO RECEBER APOS 30 DIAS DO VENCIMENTO.                                                                                                                                                                                                         09112100000000000000911210000000000000       0090028004416120393937112119000051
100000000000000000000009002800441612000000000000000000000000010002100004735211211800000000002            2  01047352112125112100000001727340000000001N081121000000000000000000000000000000000000000000000000000000000000000100004735273832DARIO LUIZ GONCALVES                    RUA MONTE CASTELO - 295 AP.113 - AVIACAO            11702720                                                            000053
2SR. CAIXA, APOS O VENCIMENTO COBRAR 10% DE MULTA                                NAO RECEBER APOS 30 DIAS DO VENCIMENTO.                                                                                                                                                                                                         09112100000000000000911210000000000000       0090028004416120047352112118000054
100000000000000000000009002800441612000000000000000000000000010002100019288711211700000000002            2  01192887112125112100000002255210000000001N081121000000000000000000000000000000000000000000000000000000000000000100019288787844EMERSON LUIZ MARTINEZ PEREIRA           RUA MONTE CASTELO - 296 AP.74 - AVIACAO             11702720                                                            000056
2SR. CAIXA, APOS O VENCIMENTO COBRAR 10% DE MULTA                                NAO RECEBER APOS 30 DIAS DO VENCIMENTO.                                                                                                                                                                                                         09112100000000000000911210000000000000       0090028004416120192887112117000057
9                                                                                                                                                                                                                                                                                                                                                                                                         000058