01REMESSA01COBRANCA       00000000000005331186HB SANTOS CONSTRUTORA E INCORP237BRADESCO       010423        MX0000069                                                                                                                                                                                                                                                                                     000001
100000000000000000000009033990000995400000000000000000000000010002020026858604231400000000002            2  01268586042308042300000003050990000000001N010423000000000000000000000000000000000000000000000000000000000000000100026858625879GLAUCE FERREIRA DE OLIVEIRA FALSI       RUA LOURENCO ANTONIO BRAGANCA - 116 - JA            04403160                                                            000002
2SR. CAIXA, APOS O VENCIMENTO COBRAR 2% DE MULTA                                 NAO RECEBER APOS 30 DIAS DO VENCIMENTO.                                                                                                                                                                                                         01042300000000000000104230000000000000       0090339900009954268586042314000003
100000000000000000000009033990000995400000000000000000000000010002020016960804231500000000002            2  01169608042308042300000002913180000000001N010423000000000000000000000000000000000000000000000000000000000000000100016960804876LUIZ ALVES DE SOUZA JUNIOR              RUA URUGUAI - 89 AP.61 - JARDIM GUILHERM            11702300                                                            000005
2SR. CAIXA, APOS O VENCIMENTO COBRAR 2% DE MULTA                                 NAO RECEBER APOS 30 DIAS DO VENCIMENTO.                                                                                                                                                                                                         01042300000000000000104230000000000000       0090339900009954169608042315000006
100000000000000000000009033990000995400000000000000000000000010002020029425004231700000000002            2  01294250042308042300000002901480000000001N010423000000000000000000000000000000000000000000000000000000000000000100029425027897FABIA DOS SANTOS DE ANDRADE             AVENIDA ALCIDES CANDIDO DOS SANTOS - 248            11705480                                                            000008
2SR. CAIXA, APOS O VENCIMENTO COBRAR 2% DE MULTA                                 NAO RECEBER APOS 30 DIAS DO VENCIMENTO.                                                                                                                                                                                                         01042300000000000000104230000000000000       0090339900009954294250042317000009
100000000000000000000009033990000995400000000000000000000000010002020078382704231200000000002            2  01783827042308042300000002932090000000001N010423000000000000000000000000000000000000000000000000000000000000000100078382700497JARMELINA BARBOSA DA SILVA              RUA OSCAR CINTRA GORDINHO - 211 AP.51 -             01512010                                                            000011
2SR. CAIXA, APOS O VENCIMENTO COBRAR 2% DE MULTA                                 NAO RECEBER APOS 30 DIAS DO VENCIMENTO.                                                                                                                                                                                                         01042300000000000000104230000000000000       0090339900009954783827042312000012
100000000000000000000009033990000995400000000000000000000000010002020007535304231100000000002            2  01075353042308042300000002875280000000001N010423000000000000000000000000000000000000000000000000000000000000000100007535375839AINAILDE PEREIRA DE CASTRO OLIVETTO     TRAVESSA DORALINA ELIETE ADAO DA SILVA -            08021026                                                            000014
2SR. CAIXA, APOS O VENCIMENTO COBRAR 2% DE MULTA                                 NAO RECEBER APOS 30 DIAS DO VENCIMENTO.                                                                                                                                                                                                         01042300000000000000104230000000000000       0090339900009954075353042311000015
100000000000000000000009033990000995400000000000000000000000010002020017229704231700000000002            2  01172297042308042300000003045730000000001N010423000000000000000000000000000000000000000000000000000000000000000100017229751802BERENICE VIEIRA KERSTING                RUA ATIBAIA - 17 AP.417 - BAIRRO IMPERAD            11707380                                                            000017
2SR. CAIXA, APOS O VENCIMENTO COBRAR 2% DE MULTA                                 NAO RECEBER APOS 30 DIAS DO VENCIMENTO.                                                                                                                                                                                                         01042300000000000000104230000000000000       0090339900009954172297042317000018
100000000000000000000009033990000995400000000000000000000000010002020028974204231900000000002            2  01289742042308042300000002844650000000001N010423000000000000000000000000000000000000000000000000000000000000000100028974233827MARISTELA FAVANI DE OLIVEIRA            RUA GIUSEPPE CARNEVALLI - 96 - BAIRRO BO            09572100                                                            000020
2SR. CAIXA, APOS O VENCIMENTO COBRAR 2% DE MULTA                                 NAO RECEBER APOS 30 DIAS DO VENCIMENTO.                                                                                                                                                                                                         01042300000000000000104230000000000000       0090339900009954289742042319000021
100000000000000000000009033990000995400000000000000000000000010002020092184804231600000000002            2  01921848042308042300000002806790000000001N010423000000000000000000000000000000000000000000000000000000000000000100092184804800CARMEM DO SOCORRO GUILHERME             ESTRADA SAO FRANCISCO - 1.850 AP.182A -             06765000                                                            000023
2SR. CAIXA, APOS O VENCIMENTO COBRAR 2% DE MULTA                                 NAO RECEBER APOS 30 DIAS DO VENCIMENTO.                                                                                                                                                                                                         01042300000000000000104230000000000000       0090339900009954921848042316000024
100000000000000000000009033990000995400000000000000000000000010002020009169704231600000000002            2  01091697042308042300000002251070000000001N010423000000000000000000000000000000000000000000000000000000000000000100009169701830TADEU CONSTANTINO LOPES                 RUA JOSE ANTONIO COELHO - 349 CASA 01 -             04011061                                                            000026
2SR. CAIXA, APOS O VENCIMENTO COBRAR 2% DE MULTA                                 NAO RECEBER APOS 30 DIAS DO VENCIMENTO.                                                                                                                                                                                                         01042300000000000000104230000000000000       0090339900009954091697042316000027
100000000000000000000009033990000995400000000000000000000000010002020042480104231400000000002            2  01424801042308042300000002863580000000001N010423000000000000000000000000000000000000000000000000000000000000000100042480155870JAMITRE SOIOMARA ALVES DO NASCIMENTO DAVRUA URUGUAI - 89 AP.75 - JARDIM GUILHERM            11702300                                                            000029
2SR. CAIXA, APOS O VENCIMENTO COBRAR 2% DE MULTA                                 NAO RECEBER APOS 30 DIAS DO VENCIMENTO.                                                                                                                                                                                                         01042300000000000000104230000000000000       0090339900009954424801042314000030
100000000000000000000009033990000995400000000000000000000000010002020008966504231P00000000002            2  01089665042308042300000002705620000000001N010423000000000000000000000000000000000000000000000000000000000000000100008966511856MONICA SILVA REIS                       RUA ORATORIO - 264 E FUNDOS - BANGU - SA            09280550                                                            000032
2SR. CAIXA, APOS O VENCIMENTO COBRAR 2% DE MULTA                                 NAO RECEBER APOS 30 DIAS DO VENCIMENTO.                                                                                                                                                                                                         01042300000000000000104230000000000000       009033990000995408966504231P000033
100000000000000000000009033990000995400000000000000000000000010002020001356904231000000000002            2  01013569042308042300000002906220000000001N010423000000000000000000000000000000000000000000000000000000000000000100001356993800DALVA MARIA DOS SANTOS                  RUA URUGUAI - 89 AP.74 - AVIACAO - PRAIA            11702300                                                            000035
2SR. CAIXA, APOS O VENCIMENTO COBRAR 2% DE MULTA                                 NAO RECEBER APOS 30 DIAS DO VENCIMENTO.                                                                                                                                                                                                         01042300000000000000104230000000000000       0090339900009954013569042310000036
100000000000000000000009033990000995400000000000000000000000010002020024615504231300000000002            2  01246155042308042300000003314410000000001N010423000000000000000000000000000000000000000000000000000000000000000100024615557884GILBERTO JOSE GONSALES                  RUA URUGUAI - 89 AP.115 - JARDIM GUILHER            11702300                                                            000038
2SR. CAIXA, APOS O VENCIMENTO COBRAR 2% DE MULTA                                 NAO RECEBER APOS 30 DIAS DO VENCIMENTO.                                                                                                                                                                                                         01042300000000000000104230000000000000       0090339900009954246155042313000039
100000000000000000000009033990000995400000000000000000000000010002020031473704231300000000002            2  01314737042308042300000002342780000000001N010423000000000000000000000000000000000000000000000000000000000000000100031473799813MURIEL DA SILVA DE MOURA SOUZA          RUA CAPITAO PAULINO FREIRE - 300 AP.014             08717100                                                            000041
2SR. CAIXA, APOS O VENCIMENTO COBRAR 2% DE MULTA                                 NAO RECEBER APOS 30 DIAS DO VENCIMENTO.                                                                                                                                                                                                         01042300000000000000104230000000000000       0090339900009954314737042313000042
100000000000000000000009033990000995400000000000000000000000010002020036949504231200000000002            2  01369495042308042300000003101490000000001N010423000000000000000000000000000000000000000000000000000000000000000100036949505833FELIPE APARECIDO DOS SANTOS             RUA DAS MIMOSAS - 67 CASA 09 - VILA LUCI            03144010                                                            000044
2SR. CAIXA, APOS O VENCIMENTO COBRAR 2% DE MULTA                                 NAO RECEBER APOS 30 DIAS DO VENCIMENTO.                                                                                                                                                                                                         01042300000000000000104230000000000000       0090339900009954369495042312000045
100000000000000000000009033990000995400000000000000000000000010002020008539304231P00000000002            2  01085393042308042300000003168820000000001N010423000000000000000000000000000000000000000000000000000000000000000100008539365871EDMILSON RAIMUNDO DOS SANTOS            RUA CALIDICE - 247 - PARQUE CRUZEIRO - S            08070010                                                            000047
2SR. CAIXA, APOS O VENCIMENTO COBRAR 2% DE MULTA                                 NAO RECEBER APOS 30 DIAS DO VENCIMENTO.                                                                                                                                                                                                         01042300000000000000104230000000000000       009033990000995408539304231P000048
100000000000000000000009033990000995400000000000000000000000010002020024558904231500000000002            2  01245589042308042300000005457880000000001N010423000000000000000000000000000000000000000000000000000000000000000100024558912838EDILENE GORGATTI                        RUA ITARARE - 76 AP.142 - JARDIM GUILHER            11701820                                                            000050
2SR. CAIXA, APOS O VENCIMENTO COBRAR 2% DE MULTA                                 NAO RECEBER APOS 30 DIAS DO VENCIMENTO.                                                                                                                                                                                                         01042300000000000000104230000000000000       0090339900009954245589042315000051
100000000000000000000009033990000995400000000000000000000000010002020004611204231000000000002            2  01046112042308042300000002009810000000001N010423000000000000000000000000000000000000000000000000000000000000000100004611218830TANIA MARIA DA SILVA NUNES PEREIRA LUIZ RUA URUGUAI - 89 AP.103 - JARDIM GUILHER            11702300                                                            000053
2SR. CAIXA, APOS O VENCIMENTO COBRAR 2% DE MULTA                                 NAO RECEBER APOS 30 DIAS DO VENCIMENTO.                                                                                                                                                                                                         01042300000000000000104230000000000000       0090339900009954046112042310000054
100000000000000000000009033990000995400000000000000000000000010002020010548804231800000000002            2  01105488042308042300000003571120000000001N010423000000000000000000000000000000000000000000000000000000000000000100010548844801RICARDO DE JESUS CALDAS                 RUA ANTONIO AMBUBA - 50 CASA 60 - BAIRRO            05782370                                                            000056
2SR. CAIXA, APOS O VENCIMENTO COBRAR 2% DE MULTA                                 NAO RECEBER APOS 30 DIAS DO VENCIMENTO.                                                                                                                                                                                                         01042300000000000000104230000000000000       0090339900009954105488042318000057
100000000000000000000009033990000995400000000000000000000000010002020039623804231700000000002            2  01396238042308042300000003138580000000001N010423000000000000000000000000000000000000000000000000000000000000000100039623826826LEONARDO GUEDES PINTO                   RUA URUGUAI - 89 AP.24 - AVIACAO - PRAIA            11702300                                                            000059
2SR. CAIXA, APOS O VENCIMENTO COBRAR 2% DE MULTA                                 NAO RECEBER APOS 30 DIAS DO VENCIMENTO.                                                                                                                                                                                                         01042300000000000000104230000000000000       0090339900009954396238042317000060
100000000000000000000009033990000995400000000000000000000000010002020039558604231600000000002            2  01395586042308042300000002881440000000001N010423000000000000000000000000000000000000000000000000000000000000000100039558638838TAMIRES ROCHA FRANCISCO                 RUA DUARTE DE CARVALHO - 185 AP.102 - BA            03084030                                                            000062
2SR. CAIXA, APOS O VENCIMENTO COBRAR 2% DE MULTA                                 NAO RECEBER APOS 30 DIAS DO VENCIMENTO.                                                                                                                                                                                                         01042300000000000000104230000000000000       0090339900009954395586042316000063
100000000000000000000009033990000995400000000000000000000000010002020032038704231500000000002            2  01320387042308042300000002344250000000001N010423000000000000000000000000000000000000000000000000000000000000000100032038775893GUSTAVO PEREIRA DA CRUZ                 RUA SAO FIDELIS - 203 - JARDIM BRASIL -             16074050                                                            000065
2SR. CAIXA, APOS O VENCIMENTO COBRAR 2% DE MULTA                                 NAO RECEBER APOS 30 DIAS DO VENCIMENTO.                                                                                                                                                                                                         01042300000000000000104230000000000000       0090339900009954320387042315000066
100000000000000000000009033990000995400000000000000000000000010002020008993104231200000000002            2  01089931042308042300000011063600000000001N010423000000000000000000000000000000000000000000000000000000000000000100008993178801PATRICIA BITTENCOURT FRACARO            RUA MARCIO MAZZEI - 337 - VILA NOVA MAZZ            02316050                                                            000068
2SR. CAIXA, APOS O VENCIMENTO COBRAR 2% DE MULTA                                 NAO RECEBER APOS 30 DIAS DO VENCIMENTO.                                                                                                                                                                                                         01042300000000000000104230000000000000       0090339900009954089931042312000069
100000000000000000000009033990000995400000000000000000000000010002020012955204231500000000002            2  01129552042308042300000005432740000000001N010423000000000000000000000000000000000000000000000000000000000000000100012955241806MAURO ALVES SILVA                       RUA TRAITUBA - 354 - BAIRRO SAUDE - SAO             04142050                                                            000071
2SR. CAIXA, APOS O VENCIMENTO COBRAR 2% DE MULTA                                 NAO RECEBER APOS 30 DIAS DO VENCIMENTO.                                                                                                                                                                                                         01042300000000000000104230000000000000       0090339900009954129552042315000072
100000000000000000000009033990000995400000000000000000000000010002020025914204231900000000002            2  01259142042308042300000003187490000000001N010423000000000000000000000000000000000000000000000000000000000000000100025914206880JONAS DOS REIS MACHADO                  RUA PROFESSORA MARGARIDA RUTH FERREIRA D            02378200                                                            000074
2SR. CAIXA, APOS O VENCIMENTO COBRAR 2% DE MULTA                                 NAO RECEBER APOS 30 DIAS DO VENCIMENTO.                                                                                                                                                                                                         01042300000000000000104230000000000000       0090339900009954259142042319000075
9                                                                                                                                                                                                                                                                                                                                                                                                         000076