01REMESSA01COBRANCA       00000000000008017025HB SANTOS CONSTRUTORA E INCORP237BRADESCO       080617        MX0000032                                                                                                                                                                                                                                                                                     000001
100000000000000000000009033990000627000000000000000000000000010002020019258152192700000000002            2  01192581521924061700000001759670000000001N080617000000000000000000000000000000000000000000000000000000000000000100025035170802WANDERSON LUIS DE CARVALHO              RUA JOAQUIM GONCALVES ROCHA - 302 - JARD            02859030                                                            000002
2SR. CAIXA, APOS O VENCIMENTO COBRAR 2% DE MULTA                                 NAO RECEBER APOS 30 DIAS DO VENCIMENTO.                                                                                                                                                                                                         08061700000000000000806170000000000000       0090339900006270192581521927000003
100000000000000000000009033990000627000000000000000000000000010002020019404153193400000000002            2  01194041531924061700000002366820000000001N080617000000000000000000000000000000000000000000000000000000000000000100007294351805CLAUDENIR APARECIDO VACARI              RUA OFELIA CHAVES DE MEIRELLES - 989 CAS            11360210                                                            000005
2SR. CAIXA, APOS O VENCIMENTO COBRAR 2% DE MULTA                                 NAO RECEBER APOS 30 DIAS DO VENCIMENTO.                                                                                                                                                                                                         08061700000000000000806170000000000000       0090339900006270194041531934000006
100000000000000000000009033990000627000000000000000000000000010002020019550154194800000000002            2  01195501541924061700000002391630000000001N080617000000000000000000000000000000000000000000000000000000000000000100042976111634ACACIO TOSCANO BONDANCA                 RUA COMENDADOR JACOMO ANTONIO LA SELVA -            12946797                                                            000008
2SR. CAIXA, APOS O VENCIMENTO COBRAR 2% DE MULTA                                 NAO RECEBER APOS 30 DIAS DO VENCIMENTO.                                                                                                                                                                                                         08061700000000000000806170000000000000       0090339900006270195501541948000009
100000000000000000000009033990000627000000000000000000000000010002020020295158200400000000002            2  01202951582024061700000002019850000000001N080617000000000000000000000000000000000000000000000000000000000000000100035438022836ALESSANDRO FARACO DOS SANTOS            RUA PEDRO POMAR  - 145 - JARDIM ELISA MA            02875020                                                            000011
2SR. CAIXA, APOS O VENCIMENTO COBRAR 2% DE MULTA                                 NAO RECEBER APOS 30 DIAS DO VENCIMENTO.                                                                                                                                                                                                         08061700000000000000806170000000000000       0090339900006270202951582004000012
100000000000000000000009033990000627000000000000000000000000010002020021637167212000000000002            2  01216371672124061700000002647370000000001N080617000000000000000000000000000000000000000000000000000000000000000100007525032866FERNANDO RIBEIRO                        RUA ALDO COLI - 539 - VILA MIRIM - PRAIA            11704760                                                            000014
2SR. CAIXA, APOS O VENCIMENTO COBRAR 2% DE MULTA                                 NAO RECEBER APOS 30 DIAS DO VENCIMENTO.                                                                                                                                                                                                         08061700000000000000806170000000000000       0090339900006270216371672120000015
100000000000000000000009033990000627000000000000000000000000010002020021782168213600000000002            2  01217821682124061700000003042740000000001N080617000000000000000000000000000000000000000000000000000000000000000100031898775800ANITA MARTINS COLOMBO                   RUA GUIAN - 334 AP.51 - VILA CAMPESTRE -            04330090                                                            000017
2SR. CAIXA, APOS O VENCIMENTO COBRAR 2% DE MULTA                                 NAO RECEBER APOS 30 DIAS DO VENCIMENTO.                                                                                                                                                                                                         08061700000000000000806170000000000000       0090339900006270217821682136000018
100000000000000000000009033990000627000000000000000000000000010002020021928169214800000000002            2  01219281692124061700000002322250000000001N080617000000000000000000000000000000000000000000000000000000000000000100005520147884ERIBALDO SANTANA CARVALHO               RUA HONDURAS - 477 - PARQUE DAS AMERICAS            09351070                                                            000020
2SR. CAIXA, APOS O VENCIMENTO COBRAR 2% DE MULTA                                 NAO RECEBER APOS 30 DIAS DO VENCIMENTO.                                                                                                                                                                                                         08061700000000000000806170000000000000       0090339900006270219281692148000021
100000000000000000000009033990000627000000000000000000000000010002020022578173220000000000002            2  01225781732224061700000002172650000000001N080617000000000000000000000000000000000000000000000000000000000000000100002841756416LUCIANA PINHEIRO DE ASSIS NUNES         RUA RIO ACIMA - 81 - RIACHO GRANDE - SAO            09830100                                                            000023
2SR. CAIXA, APOS O VENCIMENTO COBRAR 2% DE MULTA                                 NAO RECEBER APOS 30 DIAS DO VENCIMENTO.                                                                                                                                                                                                         08061700000000000000806170000000000000       0090339900006270225781732200000024
100000000000000000000009033990000627000000000000000000000000010002020022726174221400000000002            2  01227261742224061700000002183070000000001N080617000000000000000000000000000000000000000000000000000000000000000100084302097868FAUSTO TADEU VILOR                      RUA ANTONIO TAVARES - 466 - BAIRRO CAMBU            01542010                                                            000026
2SR. CAIXA, APOS O VENCIMENTO COBRAR 2% DE MULTA                                 NAO RECEBER APOS 30 DIAS DO VENCIMENTO.                                                                                                                                                                                                         08061700000000000000806170000000000000       0090339900006270227261742214000027
100000000000000000000009033990000627000000000000000000000000010002020024626185234000000000002            2  01246261852324061700000002072660000000001N080617000000000000000000000000000000000000000000000000000000000000000100018207096802ROBERTO VALENTE TAVARES                 RUA SEBASTIAO GOMES - 218 - JARDIM SANTO            13835000                                                            000029
2SR. CAIXA, APOS O VENCIMENTO COBRAR 2% DE MULTA                                 NAO RECEBER APOS 30 DIAS DO VENCIMENTO.                                                                                                                                                                                                         08061700000000000000806170000000000000       0090339900006270246261852340000030
100000000000000000000009033990000627000000000000000000000000010002020024919176236400000000002            2  01249191762324061700000002144900000000001N080617000000000000000000000000000000000000000000000000000000000000000100028804202882GILBERTO FABIANO CABRAL DE CAMARGO      RUA JOAO AMADO COUTINHO - 444 AP.11 A -             02815000                                                            000032
2SR. CAIXA, APOS O VENCIMENTO COBRAR 2% DE MULTA                                 NAO RECEBER APOS 30 DIAS DO VENCIMENTO.                                                                                                                                                                                                         08061700000000000000806170000000000000       0090339900006270249191762364000033
100000000000000000000009033990000627000000000000000000000000010002020025360187239900000000002            2  01253601872324061700000002093490000000001N080617000000000000000000000000000000000000000000000000000000000000000100000991748808JAILSON BORGES DE ANDRADE               RUA SAO GABRIEL DA CACHOEIRA - 28 - JARD            07240080                                                            000035
2SR. CAIXA, APOS O VENCIMENTO COBRAR 2% DE MULTA                                 NAO RECEBER APOS 30 DIAS DO VENCIMENTO.                                                                                                                                                                                                         08061700000000000000806170000000000000       0090339900006270253601872399000036
100000000000000000000009033990000627000000000000000000000000010002020025506188240600000000002            2  01255061882424061700000002854240000000001N080617000000000000000000000000000000000000000000000000000000000000000100092180299834LUIS ROBERTO DE SA DUARTE               RUA TEBAS - 296 AP.84 BLOCO 2 CE - JARDI            04634031                                                            000038
2SR. CAIXA, APOS O VENCIMENTO COBRAR 2% DE MULTA                                 NAO RECEBER APOS 30 DIAS DO VENCIMENTO.                                                                                                                                                                                                         08061700000000000000806170000000000000       0090339900006270255061882406000039
100000000000000000000009033990000627000000000000000000000000010002020025944191243500000000002            2  01259441912424061700000002081350000000001N080617000000000000000000000000000000000000000000000000000000000000000100022151666816SAMIR LIMA DE ARAUJO                    AVENIDA GUARAPIRANGA - 2616 AP.42 BLOCO1            04902005                                                            000041
2SR. CAIXA, APOS O VENCIMENTO COBRAR 2% DE MULTA                                 NAO RECEBER APOS 30 DIAS DO VENCIMENTO.                                                                                                                                                                                                         08061700000000000000806170000000000000       0090339900006270259441912435000042
100000000000000000000009033990000627000000000000000000000000010002020026091186244600000000002            2  01260911862426061700000001652070000000001N080617000000000000000000000000000000000000000000000000000000000000000100022313116824ROSA MARIA BRITO DA SILVA               RUA SERVIDAO DE SAO MARCOS - 113 - JARDI            04930300                                                            000044
2SR. CAIXA, APOS O VENCIMENTO COBRAR 2% DE MULTA                                 NAO RECEBER APOS 30 DIAS DO VENCIMENTO.                                                                                                                                                                                                         08061700000000000000806170000000000000       0090339900006270260911862446000045
100000000000000000000009033990000627000000000000000000000000010002020026241184245P00000000002            2  01262411842426061700000001657820000000001N080617000000000000000000000000000000000000000000000000000000000000000100027538087249MARA LUCIA MENEZES DA COSTA             RUA LEILA  - 183 - ITAQUERA - SAO PAULO             08240020                                                            000047
2SR. CAIXA, APOS O VENCIMENTO COBRAR 2% DE MULTA                                 NAO RECEBER APOS 30 DIAS DO VENCIMENTO.                                                                                                                                                                                                         08061700000000000000806170000000000000       009033990000627026241184245P000048
100000000000000000000009033990000627000000000000000000000000010002020026388179246300000000002            2  01263881792426061700000001755040000000001N080617000000000000000000000000000000000000000000000000000000000000000100020105503827VALTER DE SOUSA LIBARINO FILHO          RUA DAS PAINEIRAS - 140 - LARANJEIRAS -             07700000                                                            000050
2SR. CAIXA, APOS O VENCIMENTO COBRAR 2% DE MULTA                                 NAO RECEBER APOS 30 DIAS DO VENCIMENTO.                                                                                                                                                                                                         08061700000000000000806170000000000000       0090339900006270263881792463000051
100000000000000000000009033990000627000000000000000000000000010002020026531192247100000000002            2  01265311922424061700000002010660000000001N080617000000000000000000000000000000000000000000000000000000000000000100031278411836JEFFERSON DE PIERI PIRES ZAMUNER        RUA MANOEL ARCE - 277 - PARQUE BANCARIO             03922150                                                            000053
2SR. CAIXA, APOS O VENCIMENTO COBRAR 2% DE MULTA                                 NAO RECEBER APOS 30 DIAS DO VENCIMENTO.                                                                                                                                                                                                         08061700000000000000806170000000000000       0090339900006270265311922471000054
100000000000000000000009033990000627000000000000000000000000010002020026960194251P00000000002            2  01269601942526061700000001508670000000001N080617000000000000000000000000000000000000000000000000000000000000000100019185769800AGUINALDO PESSOA DE LIMA                RUA JANUARIO ZINGARO - 252 AP.303 BL.04             05794300                                                            000056
2SR. CAIXA, APOS O VENCIMENTO COBRAR 2% DE MULTA                                 NAO RECEBER APOS 30 DIAS DO VENCIMENTO.                                                                                                                                                                                                         08061700000000000000806170000000000000       009033990000627026960194251P000057
100000000000000000000009033990000627000000000000000000000000010002020027256196253P00000000002            2  01272561962526061700000001016580000000001N080617000000000000000000000000000000000000000000000000000000000000000100033303645809JESSICA DA SILVA FREITAS                RUA ARILDO VALADAO - 120 - JARDIM GUAEMB            04814600                                                            000059
2SR. CAIXA, APOS O VENCIMENTO COBRAR 2% DE MULTA                                 NAO RECEBER APOS 30 DIAS DO VENCIMENTO.                                                                                                                                                                                                         08061700000000000000806170000000000000       009033990000627027256196253P000060
100000000000000000000009033990000627000000000000000000000000010002020027402197254700000000002            2  01274021972526061700000001637810000000001N080617000000000000000000000000000000000000000000000000000000000000000100004824443806ROSIMEIRE CLARA FERREIRA REZENDE        RUA JOAQUIM DE OLIVEIRA FREITAS - 912 AP            05133000                                                            000062
2SR. CAIXA, APOS O VENCIMENTO COBRAR 2% DE MULTA                                 NAO RECEBER APOS 30 DIAS DO VENCIMENTO.                                                                                                                                                                                                         08061700000000000000806170000000000000       0090339900006270274021972547000063
100000000000000000000009033990000627000000000000000000000000010002020027548198255500000000002            2  01275481982524061700000002177590000000001N080617000000000000000000000000000000000000000000000000000000000000000100006422607881GERALDO ALVES DA SILVA                  RUA ALFREDO JOREL - 195 AP.5 CONDOMINIO             04195020                                                            000065
2SR. CAIXA, APOS O VENCIMENTO COBRAR 2% DE MULTA                                 NAO RECEBER APOS 30 DIAS DO VENCIMENTO.                                                                                                                                                                                                         08061700000000000000806170000000000000       0090339900006270275481982555000066
100000000000000000000009033990000627000000000000000000000000010002020027694199256900000000002            2  01276941992526061700000001523450000000001N080617000000000000000000000000000000000000000000000000000000000000000100033877129870HELDER FERREIRA VIANA                   RUA LEOPOLDO MOTTA E SILVA - 93 AP.34 -             11320340                                                            000068
2SR. CAIXA, APOS O VENCIMENTO COBRAR 2% DE MULTA                                 NAO RECEBER APOS 30 DIAS DO VENCIMENTO.                                                                                                                                                                                                         08061700000000000000806170000000000000       0090339900006270276941992569000069
100000000000000000000009033990000627000000000000000000000000010002020027986201258200000000002            2  01279862012526061700000001404050000000001N080617000000000000000000000000000000000000000000000000000000000000000100028290719809VANESSA GIANGARRELLI PEREIRA            RUA BARINEL - 72 - JARDIM COTCHING - SAO            03462130                                                            000071
2SR. CAIXA, APOS O VENCIMENTO COBRAR 2% DE MULTA                                 NAO RECEBER APOS 30 DIAS DO VENCIMENTO.                                                                                                                                                                                                         08061700000000000000806170000000000000       0090339900006270279862012582000072
100000000000000000000009033990000627000000000000000000000000010002020028574205262900000000002            2  01285742052626061700000001533230000000001N080617000000000000000000000000000000000000000000000000000000000000000100087573059604VANDERLEY DE ASSIS                      RUA ROMEU ALBANI - 268 - JARDIM PARQUE R            13803810                                                            000074
2SR. CAIXA, APOS O VENCIMENTO COBRAR 2% DE MULTA                                 NAO RECEBER APOS 30 DIAS DO VENCIMENTO.                                                                                                                                                                                                         08061700000000000000806170000000000000       0090339900006270285742052629000075
9                                                                                                                                                                                                                                                                                                                                                                                                         000076