01REMESSA01COBRANCA       00000000000008017025HB SANTOS CONSTRUTORA E INCORP237BRADESCO       100119        MX0000071                                                                                                                                                                                                                                                                                     000001
100000000000000000000009033990000627000000000000000000000000010002020025035101191100000000002            2  01250351011924011900000001984690000000001N100119000000000000000000000000000000000000000000000000000000000000000100025035170802WANDERSON LUIS DE CARVALHO              RUA JOAQUIM GONCALVES ROCHA - 302 - JARD            02859030                                                            000002
2SR. CAIXA, APOS O VENCIMENTO COBRAR 2% DE MULTA                                 NAO RECEBER APOS 30 DIAS DO VENCIMENTO.                                                                                                                                                                                                         10011900000000000001001190000000000000       0090339900006270250351011911000003
100000000000000000000009033990000627000000000000000000000000010002020007294301191900000000002            2  01072943011924011900000002669460000000001N100119000000000000000000000000000000000000000000000000000000000000000100007294351805CLAUDENIR APARECIDO VACARI              RUA CARLOS JOSE BORSTENS - 50 AP.93 - AV            11702750                                                            000005
2SR. CAIXA, APOS O VENCIMENTO COBRAR 2% DE MULTA                                 NAO RECEBER APOS 30 DIAS DO VENCIMENTO.                                                                                                                                                                                                         10011900000000000001001190000000000000       0090339900006270072943011919000006
100000000000000000000009033990000627000000000000000000000000010002020042976101191900000000002            2  01429761011924011900000002697470000000001N100119000000000000000000000000000000000000000000000000000000000000000100042976111634ACACIO TOSCANO BONDANCA                 RUA COMENDADOR JACOMO ANTONIO LA SELVA -            12946797                                                            000008
2SR. CAIXA, APOS O VENCIMENTO COBRAR 2% DE MULTA                                 NAO RECEBER APOS 30 DIAS DO VENCIMENTO.                                                                                                                                                                                                         10011900000000000001001190000000000000       0090339900006270429761011919000009
100000000000000000000009033990000627000000000000000000000000010002020035438001191200000000002            2  01354380011924011900000002278150000000001N100119000000000000000000000000000000000000000000000000000000000000000100035438022836ALESSANDRO FARACO DOS SANTOS            RUA PEDRO POMAR  - 145 - JARDIM ELISA MA            02875020                                                            000011
2SR. CAIXA, APOS O VENCIMENTO COBRAR 2% DE MULTA                                 NAO RECEBER APOS 30 DIAS DO VENCIMENTO.                                                                                                                                                                                                         10011900000000000001001190000000000000       0090339900006270354380011912000012
100000000000000000000009033990000627000000000000000000000000010002020007525001191400000000002            2  01075250011924011900000002985900000000001N100119000000000000000000000000000000000000000000000000000000000000000100007525032866FERNANDO RIBEIRO                        RUA ALDO COLI - 539 - VILA MIRIM - PRAIA            11704760                                                            000014
2SR. CAIXA, APOS O VENCIMENTO COBRAR 2% DE MULTA                                 NAO RECEBER APOS 30 DIAS DO VENCIMENTO.                                                                                                                                                                                                         10011900000000000001001190000000000000       0090339900006270075250011914000015
100000000000000000000009033990000627000000000000000000000000010002020005071401191P00000000002            2  01050714011924011900000002619200000000001N100119000000000000000000000000000000000000000000000000000000000000000100005071481855ERIBALDO SANTANA CARVALHO               RUA HONDURAS - 477 - PARQUE DAS AMERICAS            09351070                                                            000017
2SR. CAIXA, APOS O VENCIMENTO COBRAR 2% DE MULTA                                 NAO RECEBER APOS 30 DIAS DO VENCIMENTO.                                                                                                                                                                                                         10011900000000000001001190000000000000       009033990000627005071401191P000018
100000000000000000000009033990000627000000000000000000000000010002020002841701191300000000002            2  01028417011924011900000002450490000000001N100119000000000000000000000000000000000000000000000000000000000000000100002841756416LUCIANA PINHEIRO DE ASSIS NUNES         RUA RIO ACIMA - 81 - RIACHO GRANDE - SAO            09830100                                                            000020
2SR. CAIXA, APOS O VENCIMENTO COBRAR 2% DE MULTA                                 NAO RECEBER APOS 30 DIAS DO VENCIMENTO.                                                                                                                                                                                                         10011900000000000001001190000000000000       0090339900006270028417011913000021
100000000000000000000009033990000627000000000000000000000000010002020084302001191200000000002            2  01843020011924011900000002462250000000001N100119000000000000000000000000000000000000000000000000000000000000000100084302097868FAUSTO TADEU VILOR                      RUA ANTONIO TAVARES - 466 - BAIRRO CAMBU            01542010                                                            000023
2SR. CAIXA, APOS O VENCIMENTO COBRAR 2% DE MULTA                                 NAO RECEBER APOS 30 DIAS DO VENCIMENTO.                                                                                                                                                                                                         10011900000000000001001190000000000000       0090339900006270843020011912000024
100000000000000000000009033990000627000000000000000000000000010002020028804201191200000000002            2  01288042011924011900000002419180000000001N100119000000000000000000000000000000000000000000000000000000000000000100028804202882GILBERTO FABIANO CABRAL DE CAMARGO      RUA CARLOS JOSE BORSTENS - 50 AP.44 - AV            11702750                                                            000026
2SR. CAIXA, APOS O VENCIMENTO COBRAR 2% DE MULTA                                 NAO RECEBER APOS 30 DIAS DO VENCIMENTO.                                                                                                                                                                                                         10011900000000000001001190000000000000       0090339900006270288042011912000027
100000000000000000000009033990000627000000000000000000000000010002020000991701191500000000002            2  01009917011924011900000002361210000000001N100119000000000000000000000000000000000000000000000000000000000000000100000991748808JAILSON BORGES DE ANDRADE               RUA IPIOBUNA - 45 - JARDIM CUMBICA - GUA            07240040                                                            000029
2SR. CAIXA, APOS O VENCIMENTO COBRAR 2% DE MULTA                                 NAO RECEBER APOS 30 DIAS DO VENCIMENTO.                                                                                                                                                                                                         10011900000000000001001190000000000000       0090339900006270009917011915000030
100000000000000000000009033990000627000000000000000000000000010002020092180201191200000000002            2  01921802011924011900000003219230000000001N100119000000000000000000000000000000000000000000000000000000000000000100092180299834LUIS ROBERTO DE SA DUARTE               RUA TEBAS - 296 AP.84 BLOCO 2 CE - JARDI            04634031                                                            000032
2SR. CAIXA, APOS O VENCIMENTO COBRAR 2% DE MULTA                                 NAO RECEBER APOS 30 DIAS DO VENCIMENTO.                                                                                                                                                                                                         10011900000000000001001190000000000000       0090339900006270921802011912000033
100000000000000000000009033990000627000000000000000000000000010002020022151601191100000000002            2  01221516011924011900000002347520000000001N100119000000000000000000000000000000000000000000000000000000000000000100022151666816SAMIR LIMA DE ARAUJO                    AVENIDA GUARAPIRANGA - 2616 AP.42 BLOCO1            04902005                                                            000035
2SR. CAIXA, APOS O VENCIMENTO COBRAR 2% DE MULTA                                 NAO RECEBER APOS 30 DIAS DO VENCIMENTO.                                                                                                                                                                                                         10011900000000000001001190000000000000       0090339900006270221516011911000036
100000000000000000000009033990000627000000000000000000000000010002020022313101191300000000002            2  01223131011926011900000001819310000000001N100119000000000000000000000000000000000000000000000000000000000000000100022313116824ROSA MARIA BRITO DA SILVA               RUA SERVIDAO DE SAO MARCOS - 113 - JARDI            04930300                                                            000038
2SR. CAIXA, APOS O VENCIMENTO COBRAR 2% DE MULTA                                 NAO RECEBER APOS 30 DIAS DO VENCIMENTO.                                                                                                                                                                                                         10011900000000000001001190000000000000       0090339900006270223131011913000039
100000000000000000000009033990000627000000000000000000000000010002020027538001191500000000002            2  01275380011926011900000001825650000000001N100119000000000000000000000000000000000000000000000000000000000000000100027538087249MARA LUCIA MENEZES DA COSTA             RUA LEILA  - 183 - ITAQUERA - SAO PAULO             08240020                                                            000041
2SR. CAIXA, APOS O VENCIMENTO COBRAR 2% DE MULTA                                 NAO RECEBER APOS 30 DIAS DO VENCIMENTO.                                                                                                                                                                                                         10011900000000000001001190000000000000       0090339900006270275380011915000042
100000000000000000000009033990000627000000000000000000000000010002020020105501191300000000002            2  01201055011926011900000001932710000000001N100119000000000000000000000000000000000000000000000000000000000000000100020105503827VALTER DE SOUSA LIBARINO FILHO          RUA DAS PAINEIRAS - 140 - LARANJEIRAS -             07700000                                                            000044
2SR. CAIXA, APOS O VENCIMENTO COBRAR 2% DE MULTA                                 NAO RECEBER APOS 30 DIAS DO VENCIMENTO.                                                                                                                                                                                                         10011900000000000001001190000000000000       0090339900006270201055011913000045
100000000000000000000009033990000627000000000000000000000000010002020031278401191100000000002            2  01312784011924011900000002267760000000001N100119000000000000000000000000000000000000000000000000000000000000000100031278411836JEFFERSON DE PIERI PIRES ZAMUNER        RUA MANOEL ARCE - 277 - PARQUE BANCARIO             03922150                                                            000047
2SR. CAIXA, APOS O VENCIMENTO COBRAR 2% DE MULTA                                 NAO RECEBER APOS 30 DIAS DO VENCIMENTO.                                                                                                                                                                                                         10011900000000000001001190000000000000       0090339900006270312784011911000048
100000000000000000000009033990000627000000000000000000000000010002020019185701191300000000002            2  01191857011926011900000001661370000000001N100119000000000000000000000000000000000000000000000000000000000000000100019185769800AGUINALDO PESSOA DE LIMA                RUA JANUARIO ZINGARO - 252 AP.303 BL.04             05794300                                                            000050
2SR. CAIXA, APOS O VENCIMENTO COBRAR 2% DE MULTA                                 NAO RECEBER APOS 30 DIAS DO VENCIMENTO.                                                                                                                                                                                                         10011900000000000001001190000000000000       0090339900006270191857011913000051
100000000000000000000009033990000627000000000000000000000000010002020033303601191400000000002            2  01333036011926011900000001789450000000001N100119000000000000000000000000000000000000000000000000000000000000000100033303645809JESSICA DA SILVA FREITAS                RUA ARILDO VALADAO - 120 - JARDIM GUAEMB            04814600                                                            000053
2SR. CAIXA, APOS O VENCIMENTO COBRAR 2% DE MULTA                                 NAO RECEBER APOS 30 DIAS DO VENCIMENTO.                                                                                                                                                                                                         10011900000000000001001190000000000000       0090339900006270333036011914000054
100000000000000000000009033990000627000000000000000000000000010002020004824401191300000000002            2  01048244011926011900000001803610000000001N100119000000000000000000000000000000000000000000000000000000000000000100004824443806ROSIMEIRE CLARA FERREIRA REZENDE        RUA JOAQUIM DE OLIVEIRA FREITAS - 912 AP            05133000                                                            000056
2SR. CAIXA, APOS O VENCIMENTO COBRAR 2% DE MULTA                                 NAO RECEBER APOS 30 DIAS DO VENCIMENTO.                                                                                                                                                                                                         10011900000000000001001190000000000000       0090339900006270048244011913000057
100000000000000000000009033990000627000000000000000000000000010002020006422601191P00000000002            2  01064226011924011900000002456040000000001N100119000000000000000000000000000000000000000000000000000000000000000100006422607881GERALDO ALVES DA SILVA                  RUA ALFREDO JOREL - 195 AP.5 CONDOMINIO             04195020                                                            000059
2SR. CAIXA, APOS O VENCIMENTO COBRAR 2% DE MULTA                                 NAO RECEBER APOS 30 DIAS DO VENCIMENTO.                                                                                                                                                                                                         10011900000000000001001190000000000000       009033990000627006422601191P000060
100000000000000000000009033990000627000000000000000000000000010002020033877101191100000000002            2  01338771011926011900000001677670000000001N100119000000000000000000000000000000000000000000000000000000000000000100033877129870HELDER FERREIRA VIANA                   RUA TUPI - 254 - VILA TUPI - PRAIA GRAND            11703260                                                            000062
2SR. CAIXA, APOS O VENCIMENTO COBRAR 2% DE MULTA                                 NAO RECEBER APOS 30 DIAS DO VENCIMENTO.                                                                                                                                                                                                         10011900000000000001001190000000000000       0090339900006270338771011911000063
100000000000000000000009033990000627000000000000000000000000010002020028290701191500000000002            2  01282907011926011900000001546170000000001N100119000000000000000000000000000000000000000000000000000000000000000100028290719809VANESSA GIANGARRELLI PEREIRA            RUA BARINEL - 72 - JARDIM COTCHING - SAO            03462130                                                            000065
2SR. CAIXA, APOS O VENCIMENTO COBRAR 2% DE MULTA                                 NAO RECEBER APOS 30 DIAS DO VENCIMENTO.                                                                                                                                                                                                         10011900000000000001001190000000000000       0090339900006270282907011915000066
100000000000000000000009033990000627000000000000000000000000010002020087573001191000000000002            2  01875730011926011900000001688420000000001N100119000000000000000000000000000000000000000000000000000000000000000100087573059604VANDERLEY DE ASSIS                      RUA ROMEU ALBANI - 268 - JARDIM PARQUE R            13803810                                                            000068
2SR. CAIXA, APOS O VENCIMENTO COBRAR 2% DE MULTA                                 NAO RECEBER APOS 30 DIAS DO VENCIMENTO.                                                                                                                                                                                                         10011900000000000001001190000000000000       0090339900006270875730011910000069
100000000000000000000009033990000627000000000000000000000000010002020010825501191800000000002            2  01108255011926011900000001761970000000001N100119000000000000000000000000000000000000000000000000000000000000000100010825513847JOSE APARECIDO PEREIRA                  RUA GENERAL OSORIO - 305 - JARDIM TRINTA            11515130                                                            000071
2SR. CAIXA, APOS O VENCIMENTO COBRAR 2% DE MULTA                                 NAO RECEBER APOS 30 DIAS DO VENCIMENTO.                                                                                                                                                                                                         10011900000000000001001190000000000000       0090339900006270108255011918000072
100000000000000000000009033990000627000000000000000000000000010002020038818501191800000000002            2  01388185011926011900000002753090000000001N100119000000000000000000000000000000000000000000000000000000000000000100038818572814MAURICIUS ALEXANDRE ESTEVAM NABOR       RUA RAUL SERAPIAO BARROSO - 379 - ESPLAN            11340330                                                            000074
2SR. CAIXA, APOS O VENCIMENTO COBRAR 2% DE MULTA                                 NAO RECEBER APOS 30 DIAS DO VENCIMENTO.                                                                                                                                                                                                         10011900000000000001001190000000000000       0090339900006270388185011918000075
100000000000000000000009033990000627000000000000000000000000010002020039115101191P00000000002            2  01391151011926011900000002171920000000001N100119000000000000000000000000000000000000000000000000000000000000000100039115139840LAIS CRISTINA RIBEIRO ANDO              RUA PERU - 769 AP.17 - VILA GUILHERMINA             11702250                                                            000077
2SR. CAIXA, APOS O VENCIMENTO COBRAR 2% DE MULTA                                 NAO RECEBER APOS 30 DIAS DO VENCIMENTO.                                                                                                                                                                                                         10011900000000000001001190000000000000       009033990000627039115101191P000078
100000000000000000000009033990000627000000000000000000000000010002020029617501191800000000002            2  01296175011924011900000002410690000000001N100119000000000000000000000000000000000000000000000000000000000000000100029617510553MARILENE SOUZA DE OLIVEIRA              AVENIDA BRASIL - 393 AP.09 - PARQUE DAS             09210280                                                            000080
2SR. CAIXA, APOS O VENCIMENTO COBRAR 2% DE MULTA                                 NAO RECEBER APOS 30 DIAS DO VENCIMENTO.                                                                                                                                                                                                         10011900000000000001001190000000000000       0090339900006270296175011918000081
100000000000000000000009033990000627000000000000000000000000010002020000593201191800000000002            2  01005932011924011900000002643930000000001N100119000000000000000000000000000000000000000000000000000000000000000100000593293860WALTER HELIO BARBOSA FILHO              AVENIDA ANTONIO FREDERICO OZANAN - 9500             13214206                                                            000083
2SR. CAIXA, APOS O VENCIMENTO COBRAR 2% DE MULTA                                 NAO RECEBER APOS 30 DIAS DO VENCIMENTO.                                                                                                                                                                                                         10011900000000000001001190000000000000       0090339900006270005932011918000084
100000000000000000000009033990000627000000000000000000000000010002020007730001191300000000002            2  01077300011924011900000003759930000000001N100119000000000000000000000000000000000000000000000000000000000000000100007730084899ARNALDO LUIZ VONO                       RUA CARLOS JOSE BORSTENS - 50 AP.122 - A            11702750                                                            000086
2SR. CAIXA, APOS O VENCIMENTO COBRAR 2% DE MULTA                                 NAO RECEBER APOS 30 DIAS DO VENCIMENTO.                                                                                                                                                                                                         10011900000000000001001190000000000000       0090339900006270077300011913000087
100000000000000000000009033990000627000000000000000000000000010002020065584101191P00000000002            2  01655841011924011900000001387890000000001N100119000000000000000000000000000000000000000000000000000000000000000100065584147834JOAQUIM DA COSTA MACHADO NETO           RUA CARLOS JOSE BORSTENS - 50 AP.42 - AV            11702750                                                            000089
2SR. CAIXA, APOS O VENCIMENTO COBRAR 2% DE MULTA                                 NAO RECEBER APOS 30 DIAS DO VENCIMENTO.                                                                                                                                                                                                         10011900000000000001001190000000000000       009033990000627065584101191P000090
100000000000000000000009033990000627000000000000000000000000010002020001616901191100000000002            2  01016169011924011900000002440920000000001N100119000000000000000000000000000000000000000000000000000000000000000100001616913827CLAUDIO LUIZ PAULELLA                   PRACA NESTOR DOS SANTOS ARRUDA - 26 - VI            13920000                                                            000092
2SR. CAIXA, APOS O VENCIMENTO COBRAR 2% DE MULTA                                 NAO RECEBER APOS 30 DIAS DO VENCIMENTO.                                                                                                                                                                                                         10011900000000000001001190000000000000       0090339900006270016169011911000093
100000000000000000000009033990000627000000000000000000000000010002020006684601191200000000002            2  01066846011926011900000001789210000000001N100119000000000000000000000000000000000000000000000000000000000000000100006684623884LAUDINOR VIEIRA GARCIA                  RUA CANDIDO SALES - 374 - JARDIM PRESIDE            07172000                                                            000095
2SR. CAIXA, APOS O VENCIMENTO COBRAR 2% DE MULTA                                 NAO RECEBER APOS 30 DIAS DO VENCIMENTO.                                                                                                                                                                                                         10011900000000000001001190000000000000       0090339900006270066846011912000096
100000000000000000000009033990000627000000000000000000000000010002020011663501191300000000002            2  01116635011926011900000001802110000000001N100119000000000000000000000000000000000000000000000000000000000000000100011663589844MARIA SAVIO QUARELLO                    AVENIDA MENDONCA DRUMOND - 321 - JARDIM             03524030                                                            000098
2SR. CAIXA, APOS O VENCIMENTO COBRAR 2% DE MULTA                                 NAO RECEBER APOS 30 DIAS DO VENCIMENTO.                                                                                                                                                                                                         10011900000000000001001190000000000000       0090339900006270116635011913000099
100000000000000000000009033990000627000000000000000000000000010002020010083801191500000000002            2  01100838011926011900000001741120000000001N100119000000000000000000000000000000000000000000000000000000000000000100010083824855IONE FERREIRA COUTO DA SILVA            RUA JOSE RAGEL DE MESQUITA - 60 CS.01 -             07799999                                                            000101
2SR. CAIXA, APOS O VENCIMENTO COBRAR 2% DE MULTA                                 NAO RECEBER APOS 30 DIAS DO VENCIMENTO.                                                                                                                                                                                                         10011900000000000001001190000000000000       0090339900006270100838011915000102
100000000000000000000009033990000627000000000000000000000000010002020036881701191800000000002            2  01368817011926011900000001708620000000001N100119000000000000000000000000000000000000000000000000000000000000000100036881778864ANDRE GONZALEZ RABELLO                  RUA PARAIBA - 106 AP.61 - POMPEIA - SANT            11065470                                                            000104
2SR. CAIXA, APOS O VENCIMENTO COBRAR 2% DE MULTA                                 NAO RECEBER APOS 30 DIAS DO VENCIMENTO.                                                                                                                                                                                                         10011900000000000001001190000000000000       0090339900006270368817011918000105
100000000000000000000009033990000627000000000000000000000000010002020018207001191700000000002            2  01182070011924011900000002337700000000001N100119000000000000000000000000000000000000000000000000000000000000000100018207096802ROBERTO VALENTE TAVARES                 RUA SEBASTIAO GOMES - 218 - JARDIM SANTO            13835000                                                            000107
2SR. CAIXA, APOS O VENCIMENTO COBRAR 2% DE MULTA                                 NAO RECEBER APOS 30 DIAS DO VENCIMENTO.                                                                                                                                                                                                         10011900000000000001001190000000000000       0090339900006270182070011917000108
100000000000000000000009033990000627000000000000000000000000010002020005351001191P00000000002            2  01053510011926011900000001602000000000001N100119000000000000000000000000000000000000000000000000000000000000000100005351015897VALERIA ALVES MARCOLINO HINNIGER        RUA MONGOLIA - 230 AP.71 BL.4 - PARQUE N            09280220                                                            000110
2SR. CAIXA, APOS O VENCIMENTO COBRAR 2% DE MULTA                                 NAO RECEBER APOS 30 DIAS DO VENCIMENTO.                                                                                                                                                                                                         10011900000000000001001190000000000000       009033990000627005351001191P000111
100000000000000000000009033990000627000000000000000000000000010002020031898701191500000000002            2  01318987011924011900000002529830000000001N100119000000000000000000000000000000000000000000000000000000000000000100031898775800ANITA MARTINS COLOMBO                   RUA CARLOS JOSE BORSTENS - 50 AP.115 - A            11702750                                                            000113
2SR. CAIXA, APOS O VENCIMENTO COBRAR 2% DE MULTA                                 NAO RECEBER APOS 30 DIAS DO VENCIMENTO.                                                                                                                                                                                                         10011900000000000001001190000000000000       0090339900006270318987011915000114
100000000000000000000009033990000627000000000000000000000000010002020037983401191500000000002            2  01379834011926011900000001881830000000001N100119000000000000000000000000000000000000000000000000000000000000000100037983484801JOSE ERIVALDO SOUZA DO NASCIMENTO RAMOS RUA LETICIA - 250 - JARDIM GUARUJA - SAO            05877260                                                            000116
2SR. CAIXA, APOS O VENCIMENTO COBRAR 2% DE MULTA                                 NAO RECEBER APOS 30 DIAS DO VENCIMENTO.                                                                                                                                                                                                         10011900000000000001001190000000000000       0090339900006270379834011915000117
100000000000000000000009033990000627000000000000000000000000010002020056289201191600000000002            2  01562892011926011900000001421630000000001N100119000000000000000000000000000000000000000000000000000000000000000100056289286900PEDRO RIBEIRO                           RUA CONEGO MANOEL VAZ - 48 - SANTANA - S            02019050                                                            000119
2SR. CAIXA, APOS O VENCIMENTO COBRAR 2% DE MULTA                                 NAO RECEBER APOS 30 DIAS DO VENCIMENTO.                                                                                                                                                                                                         10011900000000000001001190000000000000       0090339900006270562892011916000120
100000000000000000000009033990000627000000000000000000000000010002020005025501191P00000000002            2  01050255011926011900000002023120000000001N100119000000000000000000000000000000000000000000000000000000000000000100005025595860CONCEICAO APARECIDA DE MESQUITA PEREIRA RUA TRIUNFO - 835 AP.105 - JARDIM SAO LU            14020670                                                            000122
2SR. CAIXA, APOS O VENCIMENTO COBRAR 2% DE MULTA                                 NAO RECEBER APOS 30 DIAS DO VENCIMENTO.                                                                                                                                                                                                         10011900000000000001001190000000000000       009033990000627005025501191P000123
100000000000000000000009033990000627000000000000000000000000010002020034735301191200000000002            2  01347353011926011900000001951090000000001N100119000000000000000000000000000000000000000000000000000000000000000100034735328866DIEGO FELIPE MOLINA DA SILVA E SOUSA    RUA EMILIA PAULISTA - 135 - VILA TIRADEN            05364020                                                            000125
2SR. CAIXA, APOS O VENCIMENTO COBRAR 2% DE MULTA                                 NAO RECEBER APOS 30 DIAS DO VENCIMENTO.                                                                                                                                                                                                         10011900000000000001001190000000000000       0090339900006270347353011912000126
9                                                                                                                                                                                                                                                                                                                                                                                                         000127