01REMESSA01COBRANCA       00000000000004991781AIRES CONSTRUTORA E INCORPORAD237BRADESCO       010119        MX0000111                                                                                                                                                                                                                                                                                     000001
100000000000000000000009077090006612500000000000000000000000010002100094852201191200000000002            2  01948522011910011900000002281250000000001N010119000000000000000000000000000000000000000000000000000000000000000100094852294887GISELDA MENON                           RUA OTAVIO BARRETO - 105 - VILA SANTISTA            02560080                                                            000002
2SR. CAIXA, APOS O VENCIMENTO COBRAR 10% DE MULTA                                NAO RECEBER APOS 30 DIAS DO VENCIMENTO.                                                                                                                                                                                                         01011900000000000000101190000000000000       0090770900066125948522011912000003
100000000000000000000009077090006612500000000000000000000000010002100006485901191900000000002            2  01064859011910011900000003498700000000001N010119000000000000000000000000000000000000000000000000000000000000000100006485911820CELIO MANUEL  MELIM SANTO               RUA JUVENAL FERREIRA  - 85 AP.61 - VILA             03512040                                                            000005
2SR. CAIXA, APOS O VENCIMENTO COBRAR 10% DE MULTA                                NAO RECEBER APOS 30 DIAS DO VENCIMENTO.                                                                                                                                                                                                         01011900000000000000101190000000000000       0090770900066125064859011919000006
100000000000000000000009077090006612500000000000000000000000010002100004693801191800000000002            2  01046938011910011900000003049380000000001N010119000000000000000000000000000000000000000000000000000000000000000100004693857823NIVALDO BARTOLOMEU FERREIRA             MNS JOSE MARINONI  - 33 - SANTO AMARO -             04430350                                                            000008
2SR. CAIXA, APOS O VENCIMENTO COBRAR 10% DE MULTA                                NAO RECEBER APOS 30 DIAS DO VENCIMENTO.                                                                                                                                                                                                         01011900000000000000101190000000000000       0090770900066125046938011918000009
100000000000000000000009077090006612500000000000000000000000010002100027993101191700000000002            2  01279931011910011900000002903680000000001N010119000000000000000000000000000000000000000000000000000000000000000100027993108853DALVA JESUS RODRIGUES CABRAL            RUA CRISTOVAO COLOMBO GONCALVES - 97 - C            04811050                                                            000011
2SR. CAIXA, APOS O VENCIMENTO COBRAR 10% DE MULTA                                NAO RECEBER APOS 30 DIAS DO VENCIMENTO.                                                                                                                                                                                                         01011900000000000000101190000000000000       0090770900066125279931011917000012
100000000000000000000009077090006612500000000000000000000000010002100000455401191600000000002            2  01004554011910011900000003016260000000001N010119000000000000000000000000000000000000000000000000000000000000000100000455495831PAULO HENRIQUE LOURENCO                 RUA FIGUEIRA  - 237 - CIDADE DAS FLORES             06184060                                                            000014
2SR. CAIXA, APOS O VENCIMENTO COBRAR 10% DE MULTA                                NAO RECEBER APOS 30 DIAS DO VENCIMENTO.                                                                                                                                                                                                         01011900000000000000101190000000000000       0090770900066125004554011916000015
100000000000000000000009077090006612500000000000000000000000010002100006140001191700000000002            2  01061400011910011900000003740580000000001N010119000000000000000000000000000000000000000000000000000000000000000100006140049857MARIA ALBANI DA SILVA EUSEBIO           RUA ORLANDO SEGALA - 108 - JARDIM ADRIAN            07135190                                                            000017
2SR. CAIXA, APOS O VENCIMENTO COBRAR 10% DE MULTA                                NAO RECEBER APOS 30 DIAS DO VENCIMENTO.                                                                                                                                                                                                         01011900000000000000101190000000000000       0090770900066125061400011917000018
100000000000000000000009077090006612500000000000000000000000010002100007768701191600000000002            2  01077687011910011900000003799800000000001N010119000000000000000000000000000000000000000000000000000000000000000100007768713826FATIMA LUZIA BIANCHI                    DR. OLIDAIR AMBROSIO - 1487 AP.03 - CENT            14160170                                                            000020
2SR. CAIXA, APOS O VENCIMENTO COBRAR 10% DE MULTA                                NAO RECEBER APOS 30 DIAS DO VENCIMENTO.                                                                                                                                                                                                         01011900000000000000101190000000000000       0090770900066125077687011916000021
100000000000000000000009077090006612500000000000000000000000010002100021716801191300000000002            2  01217168011910011900000003743390000000001N010119000000000000000000000000000000000000000000000000000000000000000100021716847800DANIELLE FAGUNDES DE A.MATOS            CONDE MOREIRA LIMA - 644 - JARDIM JABAQU            04384032                                                            000023
2SR. CAIXA, APOS O VENCIMENTO COBRAR 10% DE MULTA                                NAO RECEBER APOS 30 DIAS DO VENCIMENTO.                                                                                                                                                                                                         01011900000000000000101190000000000000       0090770900066125217168011913000024
100000000000000000000009077090006612500000000000000000000000010002100085416901191700000000002            2  01854169011910011900000003173320000000001N010119000000000000000000000000000000000000000000000000000000000000000100085416940891ANTONIO DE SOUSA MENDES                 RUA MONTE CASTELO - 296 AP.52 - AVIACAO             11702720                                                            000026
2SR. CAIXA, APOS O VENCIMENTO COBRAR 10% DE MULTA                                NAO RECEBER APOS 30 DIAS DO VENCIMENTO.                                                                                                                                                                                                         01011900000000000000101190000000000000       0090770900066125854169011917000027
100000000000000000000009077090006612500000000000000000000000010002100005678001191000000000002            2  01056780011910011900000003304970000000001N010119000000000000000000000000000000000000000000000000000000000000000100005678057863FABIO MOREIRA CAMPOS                    RUA FLORENCIO DA SILVA - 284 - VILA LIBA            03738070                                                            000029
2SR. CAIXA, APOS O VENCIMENTO COBRAR 10% DE MULTA                                NAO RECEBER APOS 30 DIAS DO VENCIMENTO.                                                                                                                                                                                                         01011900000000000000101190000000000000       0090770900066125056780011910000030
100000000000000000000009077090006612500000000000000000000000010002100007784401191700000000002            2  01077844011910011900000003337240000000001N010119000000000000000000000000000000000000000000000000000000000000000100007784496885GUILHERME LEONARDO DO NASCIMENTO        COMENDADOR RUBENS RONCARE - 127 - PONTE             11530120                                                            000032
2SR. CAIXA, APOS O VENCIMENTO COBRAR 10% DE MULTA                                NAO RECEBER APOS 30 DIAS DO VENCIMENTO.                                                                                                                                                                                                         01011900000000000000101190000000000000       0090770900066125077844011917000033
100000000000000000000009077090006612500000000000000000000000010002100016348201191700000000002            2  01163482011910011900000003224240000000001N010119000000000000000000000000000000000000000000000000000000000000000100016348237885AILTON LORENA                           AVENIDA BRASILIA - 194 - BELA VISTA - SA            09180260                                                            000035
2SR. CAIXA, APOS O VENCIMENTO COBRAR 10% DE MULTA                                NAO RECEBER APOS 30 DIAS DO VENCIMENTO.                                                                                                                                                                                                         01011900000000000000101190000000000000       0090770900066125163482011917000036
100000000000000000000009077090006612500000000000000000000000010002100081218401191000000000002            2  01812184011910011900000003111800000000001N010119000000000000000000000000000000000000000000000000000000000000000100081218486953OSMAR DA COSTA                          RUA MONTE CASTELO - 295 AP.33 - AVIACAO             11702720                                                            000038
2SR. CAIXA, APOS O VENCIMENTO COBRAR 10% DE MULTA                                NAO RECEBER APOS 30 DIAS DO VENCIMENTO.                                                                                                                                                                                                         01011900000000000000101190000000000000       0090770900066125812184011910000039
100000000000000000000009077090006612500000000000000000000000010002100004981801191300000000002            2  01049818011910011900000003534430000000001N010119000000000000000000000000000000000000000000000000000000000000000100004981884850SILVIO PAULINO GONCALVES                MARIA DE CASTRO MESQUITA - 84 AP.103 BLO            07110040                                                            000041
2SR. CAIXA, APOS O VENCIMENTO COBRAR 10% DE MULTA                                NAO RECEBER APOS 30 DIAS DO VENCIMENTO.                                                                                                                                                                                                         01011900000000000000101190000000000000       0090770900066125049818011913000042
100000000000000000000009077090006612500000000000000000000000010002100019282501191800000000002            2  01192825011910011900000002320000000000001N010119000000000000000000000000000000000000000000000000000000000000000100019282546837FABIO LEANDRO DE FREITAS ASSIS          RUA BASSIM NAGIB TRABULSI - 97 - PONTA D            11030540                                                            000044
2SR. CAIXA, APOS O VENCIMENTO COBRAR 10% DE MULTA                                NAO RECEBER APOS 30 DIAS DO VENCIMENTO.                                                                                                                                                                                                         01011900000000000000101190000000000000       0090770900066125192825011918000045
100000000000000000000009077090006612500000000000000000000000010002100008423401191100000000002            2  01084234011910011900000003224170000000001N010119000000000000000000000000000000000000000000000000000000000000000100008423485811EDSON LUIZ NUNES                        RUA NOEMIA PEDROSO BUENO - 41 - JARDIM G            09360440                                                            000047
2SR. CAIXA, APOS O VENCIMENTO COBRAR 10% DE MULTA                                NAO RECEBER APOS 30 DIAS DO VENCIMENTO.                                                                                                                                                                                                         01011900000000000000101190000000000000       0090770900066125084234011911000048
100000000000000000000009077090006612500000000000000000000000010002100003010501191000000000002            2  01030105011910011900000003730780000000001N010119000000000000000000000000000000000000000000000000000000000000000100003010502877GIZELA VIEIRA BARROS                    RUA GIACOMO DALCIN - 157 - MAUA - SAO CA            09580350                                                            000050
2SR. CAIXA, APOS O VENCIMENTO COBRAR 10% DE MULTA                                NAO RECEBER APOS 30 DIAS DO VENCIMENTO.                                                                                                                                                                                                         01011900000000000000101190000000000000       0090770900066125030105011910000051
100000000000000000000009077090006612500000000000000000000000010002100009777201191800000000002            2  01097772011910011900000002925080000000001N010119000000000000000000000000000000000000000000000000000000000000000100009777281889CARLITA DE FIGUEIREDO CARVALHO          AVENIDA ALBERTO DE ALMEIDA VINHAS - 4462            11701350                                                            000053
2SR. CAIXA, APOS O VENCIMENTO COBRAR 10% DE MULTA                                NAO RECEBER APOS 30 DIAS DO VENCIMENTO.                                                                                                                                                                                                         01011900000000000000101190000000000000       0090770900066125097772011918000054
100000000000000000000009077090006612500000000000000000000000010002100004213001191500000000002            2  01042130011910011900000003473780000000001N010119000000000000000000000000000000000000000000000000000000000000000100004213020894ELIETE DRUGOVICH DE LIMA                RUA OSVALDO CRUZ - 141 AP.144-B - SANTA             09541270                                                            000056
2SR. CAIXA, APOS O VENCIMENTO COBRAR 10% DE MULTA                                NAO RECEBER APOS 30 DIAS DO VENCIMENTO.                                                                                                                                                                                                         01011900000000000000101190000000000000       0090770900066125042130011915000057
100000000000000000000009077090006612500000000000000000000000010002100043122801191P00000000002            2  01431228011910011900000002367710000000001N010119000000000000000000000000000000000000000000000000000000000000000100043122850800ANTONIO JOAQUIM GOES                    ANTONIO DOAS DA SILVA - 412 - VILA AMALI            02618110                                                            000059
2SR. CAIXA, APOS O VENCIMENTO COBRAR 10% DE MULTA                                NAO RECEBER APOS 30 DIAS DO VENCIMENTO.                                                                                                                                                                                                         01011900000000000000101190000000000000       009077090006612543122801191P000060
100000000000000000000009077090006612500000000000000000000000010002100003865701191600000000002            2  01038657011910011900000003108640000000001N010119000000000000000000000000000000000000000000000000000000000000000100003865776841FRANCISCO JOSE ROCCO                    RUA FABIO JOSE BEZERRA - 130 AP.86 - PAR            03805000                                                            000062
2SR. CAIXA, APOS O VENCIMENTO COBRAR 10% DE MULTA                                NAO RECEBER APOS 30 DIAS DO VENCIMENTO.                                                                                                                                                                                                         01011900000000000000101190000000000000       0090770900066125038657011916000063
100000000000000000000009077090006612500000000000000000000000010002100028309501191200000000002            2  01283095011910011900000002772200000000001N010119000000000000000000000000000000000000000000000000000000000000000100028309524803DEISE RIBEIRO BARBOSA                   RUA CANDIDO JOSE DE ANDRADE - 173 - ERME            03807030                                                            000065
2SR. CAIXA, APOS O VENCIMENTO COBRAR 10% DE MULTA                                NAO RECEBER APOS 30 DIAS DO VENCIMENTO.                                                                                                                                                                                                         01011900000000000000101190000000000000       0090770900066125283095011912000066
100000000000000000000009077090006612500000000000000000000000010002100011277901191200000000002            2  01112779011910011900000003290290000000001N010119000000000000000000000000000000000000000000000000000000000000000100011277908893JOSE AILTON LOPES DE AZEVEDO            RUA MAESTRO JOAO SEPE - 19 - JARDIM MARI            04181030                                                            000068
2SR. CAIXA, APOS O VENCIMENTO COBRAR 10% DE MULTA                                NAO RECEBER APOS 30 DIAS DO VENCIMENTO.                                                                                                                                                                                                         01011900000000000000101190000000000000       0090770900066125112779011912000069
100000000000000000000009077090006612500000000000000000000000010002100025215101191P00000000002            2  01252151011910011900000002481280000000001N010119000000000000000000000000000000000000000000000000000000000000000100025215106886KLEBER LUIZ DOS SANTOS                  RUA MONTE CASTELO - 262 AP.15 - AVIACAO             11702720                                                            000071
2SR. CAIXA, APOS O VENCIMENTO COBRAR 10% DE MULTA                                NAO RECEBER APOS 30 DIAS DO VENCIMENTO.                                                                                                                                                                                                         01011900000000000000101190000000000000       009077090006612525215101191P000072
100000000000000000000009077090006612500000000000000000000000010002100090206701191700000000002            2  01902067011910011900000002771490000000001N010119000000000000000000000000000000000000000000000000000000000000000100090206789815NEREIDE RODRIGUES FERREIRA              AVENIDA PADRE ESTANISLAU DE CAMPOS - 205            03590060                                                            000074
2SR. CAIXA, APOS O VENCIMENTO COBRAR 10% DE MULTA                                NAO RECEBER APOS 30 DIAS DO VENCIMENTO.                                                                                                                                                                                                         01011900000000000000101190000000000000       0090770900066125902067011917000075
100000000000000000000009077090006612500000000000000000000000010002100029150701191500000000002            2  01291507011910011900000003244090000000001N010119000000000000000000000000000000000000000000000000000000000000000100029150742833ANA DEISE SANTOS DE ALMEIDA             RUA MONTE CASTELO - 296 AP.121 - AVIACAO            11702720                                                            000077
2SR. CAIXA, APOS O VENCIMENTO COBRAR 10% DE MULTA                                NAO RECEBER APOS 30 DIAS DO VENCIMENTO.                                                                                                                                                                                                         01011900000000000000101190000000000000       0090770900066125291507011915000078
100000000000000000000009077090006612500000000000000000000000010002100000811701191000000000002            2  01008117011910011900000002672100000000001N010119000000000000000000000000000000000000000000000000000000000000000100000811752801SERGIO BUENO DA SILVA                   RUA MONTE CASTELO - 262 AP.75 - AVIACAO             11702720                                                            000080
2SR. CAIXA, APOS O VENCIMENTO COBRAR 10% DE MULTA                                NAO RECEBER APOS 30 DIAS DO VENCIMENTO.                                                                                                                                                                                                         01011900000000000000101190000000000000       0090770900066125008117011910000081
100000000000000000000009077090006612500000000000000000000000010002100018344801191700000000002            2  01183448011910011900000012623230000000001N010119000000000000000000000000000000000000000000000000000000000000000100018344803888MARCELO BERNARDO                        RUA MONTE CASTELO - 262 AP.84 - AVIACAO             11702720                                                            000083
2SR. CAIXA, APOS O VENCIMENTO COBRAR 10% DE MULTA                                NAO RECEBER APOS 30 DIAS DO VENCIMENTO.                                                                                                                                                                                                         01011900000000000000101190000000000000       0090770900066125183448011917000084
100000000000000000000009077090006612500000000000000000000000010002100004004301191400000000002            2  01040043011910011900000004762230000000001N010119000000000000000000000000000000000000000000000000000000000000000100004004328896VANDERLEI  MARTINS DE ALMEIDA           RUA MONSENHOR TABOSA - 03 - PARQUE CISPE            03819300                                                            000086
2SR. CAIXA, APOS O VENCIMENTO COBRAR 10% DE MULTA                                NAO RECEBER APOS 30 DIAS DO VENCIMENTO.                                                                                                                                                                                                         01011900000000000000101190000000000000       0090770900066125040043011914000087
100000000000000000000009077090006612500000000000000000000000010002100005133001191900000000002            2  01051330011910011900000003252750000000001N010119000000000000000000000000000000000000000000000000000000000000000100005133053860VICENTE ARCIPRETE JUNIOR                RUA JOSE SIMOES FERREIRA FILHO - 80 - JA            06040090                                                            000089
2SR. CAIXA, APOS O VENCIMENTO COBRAR 10% DE MULTA                                NAO RECEBER APOS 30 DIAS DO VENCIMENTO.                                                                                                                                                                                                         01011900000000000000101190000000000000       0090770900066125051330011919000090
100000000000000000000009077090006612500000000000000000000000010002100056660201191300000000002            2  01566602011910011900000000791170000000001N010119000000000000000000000000000000000000000000000000000000000000000100056660235868JOSE DA SILVA                           RUA MONTE CASTELO - 296 AP.32 - AVIACAO             11702720                                                            000092
2SR. CAIXA, APOS O VENCIMENTO COBRAR 10% DE MULTA                                NAO RECEBER APOS 30 DIAS DO VENCIMENTO.                                                                                                                                                                                                         01011900000000000000101190000000000000       0090770900066125566602011913000093
100000000000000000000009077090006612500000000000000000000000010002100016339401191500000000002            2  01163394011910011900000002873210000000001N010119000000000000000000000000000000000000000000000000000000000000000100016339432832ALEX MONTEIRO DA SILVA                  RUA IVA MOURA LIMA - 04 - JARDIM MIRNA I            04855540                                                            000095
2SR. CAIXA, APOS O VENCIMENTO COBRAR 10% DE MULTA                                NAO RECEBER APOS 30 DIAS DO VENCIMENTO.                                                                                                                                                                                                         01011900000000000000101190000000000000       0090770900066125163394011915000096
100000000000000000000009077090006612500000000000000000000000010002100031803801191200000000002            2  01318038011910011900000002934140000000001N010119000000000000000000000000000000000000000000000000000000000000000100031803864877ELEILSON FELIPPE SANTOS                 RUA SANTA GREGORIA - 193 - CIDADE DUTRA             04806030                                                            000098
2SR. CAIXA, APOS O VENCIMENTO COBRAR 10% DE MULTA                                NAO RECEBER APOS 30 DIAS DO VENCIMENTO.                                                                                                                                                                                                         01011900000000000000101190000000000000       0090770900066125318038011912000099
100000000000000000000009077090006612500000000000000000000000010002100026032601191000000000002            2  01260326011910011900000002019160000000001N010119000000000000000000000000000000000000000000000000000000000000000100026032632857MARILA LOPES PEREIRA                    AVENIDA LUIZ GISHOKEM - 1761 AP.13 BL.05            05831315                                                            000101
2SR. CAIXA, APOS O VENCIMENTO COBRAR 10% DE MULTA                                NAO RECEBER APOS 30 DIAS DO VENCIMENTO.                                                                                                                                                                                                         01011900000000000000101190000000000000       0090770900066125260326011910000102
100000000000000000000009077090006612500000000000000000000000010002100063064501191700000000002            2  01630645011910011900000003496560000000001N010119000000000000000000000000000000000000000000000000000000000000000100063064537849ANTONIO APARECIDO DA SILVA DESTEFANO    RUA PROFESSOR TEODORO BRAGA - 46 - VILA             02966020                                                            000104
2SR. CAIXA, APOS O VENCIMENTO COBRAR 10% DE MULTA                                NAO RECEBER APOS 30 DIAS DO VENCIMENTO.                                                                                                                                                                                                         01011900000000000000101190000000000000       0090770900066125630645011917000105
100000000000000000000009077090006612500000000000000000000000010002100010107701191200000000002            2  01101077011910011900000003350740000000001N010119000000000000000000000000000000000000000000000000000000000000000100010107711834VALDEMAR FECCHIO                        RUA DOUTOR MARTINS DE OLIVEIRA - 529 AP.            05638030                                                            000107
2SR. CAIXA, APOS O VENCIMENTO COBRAR 10% DE MULTA                                NAO RECEBER APOS 30 DIAS DO VENCIMENTO.                                                                                                                                                                                                         01011900000000000000101190000000000000       0090770900066125101077011912000108
100000000000000000000009077090006612500000000000000000000000010002100003330701191100000000002            2  01033307011910011900000004310540000000001N010119000000000000000000000000000000000000000000000000000000000000000100003330791837MARLI DA SILVA BARBOSA                  RUA GLICERIO CERQUEIRA LEITE - 151 - JAR            03675040                                                            000110
2SR. CAIXA, APOS O VENCIMENTO COBRAR 10% DE MULTA                                NAO RECEBER APOS 30 DIAS DO VENCIMENTO.                                                                                                                                                                                                         01011900000000000000101190000000000000       0090770900066125033307011911000111
100000000000000000000009077090006612500000000000000000000000010002100008931001191P00000000002            2  01089310011910011900000001752180000000001N010119000000000000000000000000000000000000000000000000000000000000000100008931031874MARIA MARINHO DE OLIVEIRA               AVENIDA 9 DE JULHO - 1854 AP.81 - BELA V            01312001                                                            000113
2SR. CAIXA, APOS O VENCIMENTO COBRAR 10% DE MULTA                                NAO RECEBER APOS 30 DIAS DO VENCIMENTO.                                                                                                                                                                                                         01011900000000000000101190000000000000       009077090006612508931001191P000114
100000000000000000000009077090006612500000000000000000000000010002100005920501191600000000002            2  01059205011910011900000012608150000000001N010119000000000000000000000000000000000000000000000000000000000000000100005920579846SONIA MARIA VALDO POLLO                 RUA PALMIRA CERVI BARBARO - 797 - CIDADE            13214370                                                            000116
2SR. CAIXA, APOS O VENCIMENTO COBRAR 10% DE MULTA                                NAO RECEBER APOS 30 DIAS DO VENCIMENTO.                                                                                                                                                                                                         01011900000000000000101190000000000000       0090770900066125059205011916000117
100000000000000000000009077090006612500000000000000000000000010002100005920501192400000000002            2  01059205011910011900000002035720000000001N010119000000000000000000000000000000000000000000000000000000000000000100005920579846SONIA MARIA VALDO POLLO                 RUA PALMIRA CERVI BARBARO - 797 - CIDADE            13214370                                                            000119
2SR. CAIXA, APOS O VENCIMENTO COBRAR 10% DE MULTA                                NAO RECEBER APOS 30 DIAS DO VENCIMENTO.                                                                                                                                                                                                         01011900000000000000101190000000000000       0090770900066125059205011924000120
100000000000000000000009077090006612500000000000000000000000010002100002494101191700000000002            2  01024941011910011900000003060780000000001N010119000000000000000000000000000000000000000000000000000000000000000100002494107881CIRO FRANCISCO MARCHI DURIGON           RUA MONTE CASTELO - 262 AP.115 - AVIACAO            11702720                                                            000122
2SR. CAIXA, APOS O VENCIMENTO COBRAR 10% DE MULTA                                NAO RECEBER APOS 30 DIAS DO VENCIMENTO.                                                                                                                                                                                                         01011900000000000000101190000000000000       0090770900066125024941011917000123
100000000000000000000009077090006612500000000000000000000000010002100007002301191400000000002            2  01070023011910011900000003008910000000001N010119000000000000000000000000000000000000000000000000000000000000000100007002345869DOMINGOS DE BRITO GALVAO                RUA MONTE CASTELO - 262 AP.44 - AVIACAO             11702720                                                            000125
2SR. CAIXA, APOS O VENCIMENTO COBRAR 10% DE MULTA                                NAO RECEBER APOS 30 DIAS DO VENCIMENTO.                                                                                                                                                                                                         01011900000000000000101190000000000000       0090770900066125070023011914000126
100000000000000000000009077090006612500000000000000000000000010002100009346801191400000000002            2  01093468011910011900000001253360000000001N010119000000000000000000000000000000000000000000000000000000000000000100009346863862NELSON DE SOUZA SANTOS                  RUA PRIMEIRA CRUZ - 90 - PARQUE INDEPEND            03236060                                                            000128
2SR. CAIXA, APOS O VENCIMENTO COBRAR 10% DE MULTA                                NAO RECEBER APOS 30 DIAS DO VENCIMENTO.                                                                                                                                                                                                         01011900000000000000101190000000000000       0090770900066125093468011914000129
100000000000000000000009077090006612500000000000000000000000010002100016299001191800000000002            2  01162990011910011900000002900590000000001N010119000000000000000000000000000000000000000000000000000000000000000100016299008857FERNANDO CESAR CARVALHO                 AVENIDA MARCONDES DE BRITO - 1340 AP.74             03509000                                                            000131
2SR. CAIXA, APOS O VENCIMENTO COBRAR 10% DE MULTA                                NAO RECEBER APOS 30 DIAS DO VENCIMENTO.                                                                                                                                                                                                         01011900000000000000101190000000000000       0090770900066125162990011918000132
100000000000000000000009077090006612500000000000000000000000010002100031082801191100000000002            2  01310828011910011900000002914640000000001N010119000000000000000000000000000000000000000000000000000000000000000100031082898880VANESSA DOS SANTOS NEIVA                RUA MONTE CASTELO - 296 AP.33 - BAIRRO A            11702720                                                            000134
2SR. CAIXA, APOS O VENCIMENTO COBRAR 10% DE MULTA                                NAO RECEBER APOS 30 DIAS DO VENCIMENTO.                                                                                                                                                                                                         01011900000000000000101190000000000000       0090770900066125310828011911000135
100000000000000000000009077090006612500000000000000000000000010002100065895301191100000000002            2  01658953011910011900000001774600000000001N010119000000000000000000000000000000000000000000000000000000000000000100065895304834MARINHO BARBOSA CUNHA                   AVENIDA EDU CHAVES - 639 AP.43 - PARQUE             02229000                                                            000137
2SR. CAIXA, APOS O VENCIMENTO COBRAR 10% DE MULTA                                NAO RECEBER APOS 30 DIAS DO VENCIMENTO.                                                                                                                                                                                                         01011900000000000000101190000000000000       0090770900066125658953011911000138
9                                                                                                                                                                                                                                                                                                                                                                                                         000139