01REMESSA01COBRANCA       00000000000008017025HB SANTOS CONSTRUTORA E INCORP237BRADESCO       010620        MX0000106                                                                                                                                                                                                                                                                                     000001
100000000000000000000009033990000627000000000000000000000000010002020025035106201P00000000002            2  01250351062024062000000002253510000000001N010620000000000000000000000000000000000000000000000000000000000000000100025035170802WANDERSON LUIS DE CARVALHO              RUA JOAQUIM GONCALVES ROCHA - 302 - JARD            02859030                                                            000002
2SR. CAIXA, APOS O VENCIMENTO COBRAR 2% DE MULTA                                 NAO RECEBER APOS 30 DIAS DO VENCIMENTO.                                                                                                                                                                                                         01062000000000000000106200000000000000       009033990000627025035106201P000003
100000000000000000000009033990000627000000000000000000000000010002020007294306201700000000002            2  01072943062024062000000003031010000000001N010620000000000000000000000000000000000000000000000000000000000000000100007294351805CLAUDENIR APARECIDO VACARI              RUA CARLOS JOSE BORSTENS - 50 AP.93 - AV            11702750                                                            000005
2SR. CAIXA, APOS O VENCIMENTO COBRAR 2% DE MULTA                                 NAO RECEBER APOS 30 DIAS DO VENCIMENTO.                                                                                                                                                                                                         01062000000000000000106200000000000000       0090339900006270072943062017000006
100000000000000000000009033990000627000000000000000000000000010002020042976106201700000000002            2  01429761062024062000000003062820000000001N010620000000000000000000000000000000000000000000000000000000000000000100042976111634ACACIO TOSCANO BONDANCA                 RUA COMENDADOR JACOMO ANTONIO LA SELVA -            12946797                                                            000008
2SR. CAIXA, APOS O VENCIMENTO COBRAR 2% DE MULTA                                 NAO RECEBER APOS 30 DIAS DO VENCIMENTO.                                                                                                                                                                                                         01062000000000000000106200000000000000       0090339900006270429761062017000009
100000000000000000000009033990000627000000000000000000000000010002020035438006201000000000002            2  01354380062024062000000002586700000000001N010620000000000000000000000000000000000000000000000000000000000000000100035438022836ALESSANDRO FARACO DOS SANTOS            RUA PEDRO POMAR  - 145 - JARDIM ELISA MA            02875020                                                            000011
2SR. CAIXA, APOS O VENCIMENTO COBRAR 2% DE MULTA                                 NAO RECEBER APOS 30 DIAS DO VENCIMENTO.                                                                                                                                                                                                         01062000000000000000106200000000000000       0090339900006270354380062010000012
100000000000000000000009033990000627000000000000000000000000010002020007525006201200000000002            2  01075250062024062000000003390300000000001N010620000000000000000000000000000000000000000000000000000000000000000100007525032866FERNANDO RIBEIRO                        RUA CARLOS JOSE BORSTENS - 50 AP.32 - AV            11702750                                                            000014
2SR. CAIXA, APOS O VENCIMENTO COBRAR 2% DE MULTA                                 NAO RECEBER APOS 30 DIAS DO VENCIMENTO.                                                                                                                                                                                                         01062000000000000000106200000000000000       0090339900006270075250062012000015
100000000000000000000009033990000627000000000000000000000000010002020005071406201800000000002            2  01050714062024062000000002973950000000001N010620000000000000000000000000000000000000000000000000000000000000000100005071481855ERIBALDO SANTANA CARVALHO               RUA HONDURAS - 477 - PARQUE DAS AMERICAS            09351070                                                            000017
2SR. CAIXA, APOS O VENCIMENTO COBRAR 2% DE MULTA                                 NAO RECEBER APOS 30 DIAS DO VENCIMENTO.                                                                                                                                                                                                         01062000000000000000106200000000000000       0090339900006270050714062018000018
100000000000000000000009033990000627000000000000000000000000010002020002841706201100000000002            2  01028417062024062000000002782410000000001N010620000000000000000000000000000000000000000000000000000000000000000100002841756416LUCIANA PINHEIRO DE ASSIS NUNES         RUA RIO ACIMA - 81 - RIACHO GRANDE - SAO            09830100                                                            000020
2SR. CAIXA, APOS O VENCIMENTO COBRAR 2% DE MULTA                                 NAO RECEBER APOS 30 DIAS DO VENCIMENTO.                                                                                                                                                                                                         01062000000000000000106200000000000000       0090339900006270028417062011000021
100000000000000000000009033990000627000000000000000000000000010002020084302006201000000000002            2  01843020062024062000000002795750000000001N010620000000000000000000000000000000000000000000000000000000000000000100084302097868FAUSTO TADEU VILOR                      RUA ANTONIO TAVARES - 466 - BAIRRO CAMBU            01542010                                                            000023
2SR. CAIXA, APOS O VENCIMENTO COBRAR 2% DE MULTA                                 NAO RECEBER APOS 30 DIAS DO VENCIMENTO.                                                                                                                                                                                                         01062000000000000000106200000000000000       0090339900006270843020062010000024
100000000000000000000009033990000627000000000000000000000000010002020028804206201000000000002            2  01288042062024062000000002746850000000001N010620000000000000000000000000000000000000000000000000000000000000000100028804202882GILBERTO FABIANO CABRAL DE CAMARGO      RUA CARLOS JOSE BORSTENS - 50 AP.44 - AV            11702750                                                            000026
2SR. CAIXA, APOS O VENCIMENTO COBRAR 2% DE MULTA                                 NAO RECEBER APOS 30 DIAS DO VENCIMENTO.                                                                                                                                                                                                         01062000000000000000106200000000000000       0090339900006270288042062010000027
100000000000000000000009033990000627000000000000000000000000010002020000991706201300000000002            2  01009917062024062000000002681030000000001N010620000000000000000000000000000000000000000000000000000000000000000100000991748808JAILSON BORGES DE ANDRADE               RUA IPIOBUNA - 45 - JARDIM CUMBICA - GUA            07240040                                                            000029
2SR. CAIXA, APOS O VENCIMENTO COBRAR 2% DE MULTA                                 NAO RECEBER APOS 30 DIAS DO VENCIMENTO.                                                                                                                                                                                                         01062000000000000000106200000000000000       0090339900006270009917062013000030
100000000000000000000009033990000627000000000000000000000000010002020022151606201P00000000002            2  01221516062024062000000002665470000000001N010620000000000000000000000000000000000000000000000000000000000000000100022151666816SAMIR LIMA DE ARAUJO                    AVENIDA GUARAPIRANGA - 2616 AP.42 BLOCO1            04902005                                                            000032
2SR. CAIXA, APOS O VENCIMENTO COBRAR 2% DE MULTA                                 NAO RECEBER APOS 30 DIAS DO VENCIMENTO.                                                                                                                                                                                                         01062000000000000000106200000000000000       009033990000627022151606201P000033
100000000000000000000009033990000627000000000000000000000000010002020022313106201100000000002            2  01223131062026062000000002050380000000001N010620000000000000000000000000000000000000000000000000000000000000000100022313116824ROSA MARIA BRITO DA SILVA               RUA SERVIDAO DE SAO MARCOS - 113 - JARDI            04930300                                                            000035
2SR. CAIXA, APOS O VENCIMENTO COBRAR 2% DE MULTA                                 NAO RECEBER APOS 30 DIAS DO VENCIMENTO.                                                                                                                                                                                                         01062000000000000000106200000000000000       0090339900006270223131062011000036
100000000000000000000009033990000627000000000000000000000000010002020027538006201300000000002            2  01275380062026062000000002057540000000001N010620000000000000000000000000000000000000000000000000000000000000000100027538087249MARA LUCIA MENEZES DA COSTA             RUA LEILA  - 183 - ITAQUERA - SAO PAULO             08240020                                                            000038
2SR. CAIXA, APOS O VENCIMENTO COBRAR 2% DE MULTA                                 NAO RECEBER APOS 30 DIAS DO VENCIMENTO.                                                                                                                                                                                                         01062000000000000000106200000000000000       0090339900006270275380062013000039
100000000000000000000009033990000627000000000000000000000000010002020031278406201P00000000002            2  01312784062024062000000002574920000000001N010620000000000000000000000000000000000000000000000000000000000000000100031278411836JEFFERSON DE PIERI PIRES ZAMUNER        RUA MANOEL ARCE - 277 - PARQUE BANCARIO             03922150                                                            000041
2SR. CAIXA, APOS O VENCIMENTO COBRAR 2% DE MULTA                                 NAO RECEBER APOS 30 DIAS DO VENCIMENTO.                                                                                                                                                                                                         01062000000000000000106200000000000000       009033990000627031278406201P000042
100000000000000000000009033990000627000000000000000000000000010002020019185706201100000000002            2  01191857062026062000000001872390000000001N010620000000000000000000000000000000000000000000000000000000000000000100019185769800AGUINALDO PESSOA DE LIMA                RUA JANUARIO ZINGARO - 252 AP.303 BL.04             05794300                                                            000044
2SR. CAIXA, APOS O VENCIMENTO COBRAR 2% DE MULTA                                 NAO RECEBER APOS 30 DIAS DO VENCIMENTO.                                                                                                                                                                                                         01062000000000000000106200000000000000       0090339900006270191857062011000045
100000000000000000000009033990000627000000000000000000000000010002020033303606201200000000002            2  01333036062026062000000002016730000000001N010620000000000000000000000000000000000000000000000000000000000000000100033303645809JESSICA DA SILVA FREITAS                RUA ARILDO VALADAO - 120 - JARDIM GUAEMB            04814600                                                            000047
2SR. CAIXA, APOS O VENCIMENTO COBRAR 2% DE MULTA                                 NAO RECEBER APOS 30 DIAS DO VENCIMENTO.                                                                                                                                                                                                         01062000000000000000106200000000000000       0090339900006270333036062012000048
100000000000000000000009033990000627000000000000000000000000010002020004824406201100000000002            2  01048244062026062000000002032700000000001N010620000000000000000000000000000000000000000000000000000000000000000100004824443806ROSIMEIRE CLARA FERREIRA REZENDE        RUA JOSE CALIXTO DO CARMO - 286 AP.43 -             11702690                                                            000050
2SR. CAIXA, APOS O VENCIMENTO COBRAR 2% DE MULTA                                 NAO RECEBER APOS 30 DIAS DO VENCIMENTO.                                                                                                                                                                                                         01062000000000000000106200000000000000       0090339900006270048244062011000051
100000000000000000000009033990000627000000000000000000000000010002020006422606201800000000002            2  01064226062024062000000002788690000000001N010620000000000000000000000000000000000000000000000000000000000000000100006422607881GERALDO ALVES DA SILVA                  RUA CARLOS JOSE BORSTENS - 50 AP.14 - AV            11702750                                                            000053
2SR. CAIXA, APOS O VENCIMENTO COBRAR 2% DE MULTA                                 NAO RECEBER APOS 30 DIAS DO VENCIMENTO.                                                                                                                                                                                                         01062000000000000000106200000000000000       0090339900006270064226062018000054
100000000000000000000009033990000627000000000000000000000000010002020033877106201P00000000002            2  01338771062026062000000001890760000000001N010620000000000000000000000000000000000000000000000000000000000000000100033877129870HELDER FERREIRA VIANA                   RUA JOSE CALIXTO DO CARMO - 286 AP.35 -             11702690                                                            000056
2SR. CAIXA, APOS O VENCIMENTO COBRAR 2% DE MULTA                                 NAO RECEBER APOS 30 DIAS DO VENCIMENTO.                                                                                                                                                                                                         01062000000000000000106200000000000000       009033990000627033877106201P000057
100000000000000000000009033990000627000000000000000000000000010002020028290706201300000000002            2  01282907062026062000000001742560000000001N010620000000000000000000000000000000000000000000000000000000000000000100028290719809VANESSA GIANGARRELLI PEREIRA            RUA BARINEL - 72 - JARDIM COTCHING - SAO            03462130                                                            000059
2SR. CAIXA, APOS O VENCIMENTO COBRAR 2% DE MULTA                                 NAO RECEBER APOS 30 DIAS DO VENCIMENTO.                                                                                                                                                                                                         01062000000000000000106200000000000000       0090339900006270282907062013000060
100000000000000000000009033990000627000000000000000000000000010002020087573006201900000000002            2  01875730062026062000000001902870000000001N010620000000000000000000000000000000000000000000000000000000000000000100087573059604VANDERLEY DE ASSIS                      RUA ROMEU ALBANI - 268 - JARDIM PARQUE R            13803810                                                            000062
2SR. CAIXA, APOS O VENCIMENTO COBRAR 2% DE MULTA                                 NAO RECEBER APOS 30 DIAS DO VENCIMENTO.                                                                                                                                                                                                         01062000000000000000106200000000000000       0090339900006270875730062019000063
100000000000000000000009033990000627000000000000000000000000010002020010825506201600000000002            2  01108255062026062000000001985740000000001N010620000000000000000000000000000000000000000000000000000000000000000100010825513847JOSE APARECIDO PEREIRA                  RUA GENERAL OSORIO - 305 - JARDIM TRINTA            11515130                                                            000065
2SR. CAIXA, APOS O VENCIMENTO COBRAR 2% DE MULTA                                 NAO RECEBER APOS 30 DIAS DO VENCIMENTO.                                                                                                                                                                                                         01062000000000000000106200000000000000       0090339900006270108255062016000066
100000000000000000000009033990000627000000000000000000000000010002020038818506201600000000002            2  01388185062026062000000002019680000000001N010620000000000000000000000000000000000000000000000000000000000000000100038818572814MAURICIUS ALEXANDRE ESTEVAM NABOR       RUA JOSE CALIXTO DO CARMO - 286 AP.25 -             11702690                                                            000068
2SR. CAIXA, APOS O VENCIMENTO COBRAR 2% DE MULTA                                 NAO RECEBER APOS 30 DIAS DO VENCIMENTO.                                                                                                                                                                                                         01062000000000000000106200000000000000       0090339900006270388185062016000069
100000000000000000000009033990000627000000000000000000000000010002020039115106201800000000002            2  01391151062026062000000002447770000000001N010620000000000000000000000000000000000000000000000000000000000000000100039115139840LAIS CRISTINA RIBEIRO ANDO              RUA JOSE CALIXTO DO CARMO - 286 AP.65 -             11702690                                                            000071
2SR. CAIXA, APOS O VENCIMENTO COBRAR 2% DE MULTA                                 NAO RECEBER APOS 30 DIAS DO VENCIMENTO.                                                                                                                                                                                                         01062000000000000000106200000000000000       0090339900006270391151062018000072
100000000000000000000009033990000627000000000000000000000000010002020029617506201600000000002            2  01296175062024062000000002737200000000001N010620000000000000000000000000000000000000000000000000000000000000000100029617510553MARILENE SOUZA DE OLIVEIRA              AVENIDA BRASIL - 393 AP.09 - PARQUE DAS             09210280                                                            000074
2SR. CAIXA, APOS O VENCIMENTO COBRAR 2% DE MULTA                                 NAO RECEBER APOS 30 DIAS DO VENCIMENTO.                                                                                                                                                                                                         01062000000000000000106200000000000000       0090339900006270296175062016000075
100000000000000000000009033990000627000000000000000000000000010002020000593206201600000000002            2  01005932062024062000000003002040000000001N010620000000000000000000000000000000000000000000000000000000000000000100000593293860WALTER HELIO BARBOSA FILHO              AVENIDA ANTONIO FREDERICO OZANAN - 9500             13214206                                                            000077
2SR. CAIXA, APOS O VENCIMENTO COBRAR 2% DE MULTA                                 NAO RECEBER APOS 30 DIAS DO VENCIMENTO.                                                                                                                                                                                                         01062000000000000000106200000000000000       0090339900006270005932062016000078
100000000000000000000009033990000627000000000000000000000000010002020007730006201100000000002            2  01077300062024062000000004269190000000001N010620000000000000000000000000000000000000000000000000000000000000000100007730084899ARNALDO LUIZ VONO                       RUA CARLOS JOSE BORSTENS - 50 AP.122 - A            11702750                                                            000080
2SR. CAIXA, APOS O VENCIMENTO COBRAR 2% DE MULTA                                 NAO RECEBER APOS 30 DIAS DO VENCIMENTO.                                                                                                                                                                                                         01062000000000000000106200000000000000       0090339900006270077300062011000081
100000000000000000000009033990000627000000000000000000000000010002020065584106201800000000002            2  01655841062024062000000001575900000000001N010620000000000000000000000000000000000000000000000000000000000000000100065584147834JOAQUIM DA COSTA MACHADO NETO           RUA CARLOS JOSE BORSTENS - 50 AP.42 - AV            11702750                                                            000083
2SR. CAIXA, APOS O VENCIMENTO COBRAR 2% DE MULTA                                 NAO RECEBER APOS 30 DIAS DO VENCIMENTO.                                                                                                                                                                                                         01062000000000000000106200000000000000       0090339900006270655841062018000084
100000000000000000000009033990000627000000000000000000000000010002020001616906201P00000000002            2  01016169062024062000000002771520000000001N010620000000000000000000000000000000000000000000000000000000000000000100001616913827CLAUDIO LUIZ PAULELLA                   PRACA NESTOR DOS SANTOS ARRUDA - 26 - VI            13920000                                                            000086
2SR. CAIXA, APOS O VENCIMENTO COBRAR 2% DE MULTA                                 NAO RECEBER APOS 30 DIAS DO VENCIMENTO.                                                                                                                                                                                                         01062000000000000000106200000000000000       009033990000627001616906201P000087
100000000000000000000009033990000627000000000000000000000000010002020006684606201000000000002            2  01066846062026062000000002016470000000001N010620000000000000000000000000000000000000000000000000000000000000000100006684623884LAUDINOR VIEIRA GARCIA                  RUA CANDIDO SALES - 374 - JARDIM PRESIDE            07172000                                                            000089
2SR. CAIXA, APOS O VENCIMENTO COBRAR 2% DE MULTA                                 NAO RECEBER APOS 30 DIAS DO VENCIMENTO.                                                                                                                                                                                                         01062000000000000000106200000000000000       0090339900006270066846062010000090
100000000000000000000009033990000627000000000000000000000000010002020011663506201100000000002            2  01116635062026062000000002031000000000001N010620000000000000000000000000000000000000000000000000000000000000000100011663589844MARIA SAVIO QUARELLO                    AVENIDA MENDONCA DRUMOND - 321 - JARDIM             03524030                                                            000092
2SR. CAIXA, APOS O VENCIMENTO COBRAR 2% DE MULTA                                 NAO RECEBER APOS 30 DIAS DO VENCIMENTO.                                                                                                                                                                                                         01062000000000000000106200000000000000       0090339900006270116635062011000093
100000000000000000000009033990000627000000000000000000000000010002020010083806201300000000002            2  01100838062026062000000001962270000000001N010620000000000000000000000000000000000000000000000000000000000000000100010083824855IONE FERREIRA COUTO DA SILVA            RUA JOSE RAGEL DE MESQUITA - 60 CS.01 -             07799999                                                            000095
2SR. CAIXA, APOS O VENCIMENTO COBRAR 2% DE MULTA                                 NAO RECEBER APOS 30 DIAS DO VENCIMENTO.                                                                                                                                                                                                         01062000000000000000106200000000000000       0090339900006270100838062013000096
100000000000000000000009033990000627000000000000000000000000010002020036881706201600000000002            2  01368817062026062000000001925630000000001N010620000000000000000000000000000000000000000000000000000000000000000100036881778864ANDRE GONZALEZ RABELLO                  RUA PARAIBA - 106 AP.61 - POMPEIA - SANT            11065470                                                            000098
2SR. CAIXA, APOS O VENCIMENTO COBRAR 2% DE MULTA                                 NAO RECEBER APOS 30 DIAS DO VENCIMENTO.                                                                                                                                                                                                         01062000000000000000106200000000000000       0090339900006270368817062016000099
100000000000000000000009033990000627000000000000000000000000010002020018207006201500000000002            2  01182070062024062000000002654310000000001N010620000000000000000000000000000000000000000000000000000000000000000100018207096802ROBERTO VALENTE TAVARES                 RUA SEBASTIAO GOMES - 218 - JARDIM SANTO            13835000                                                            000101
2SR. CAIXA, APOS O VENCIMENTO COBRAR 2% DE MULTA                                 NAO RECEBER APOS 30 DIAS DO VENCIMENTO.                                                                                                                                                                                                         01062000000000000000106200000000000000       0090339900006270182070062015000102
100000000000000000000009033990000627000000000000000000000000010002020005351006201800000000002            2  01053510062026062000000001805480000000001N010620000000000000000000000000000000000000000000000000000000000000000100005351015897VALERIA ALVES MARCOLINO HINNIGER        RUA JOSE CALIXTO DO CARMO - 286 AP.92 -             11702690                                                            000104
2SR. CAIXA, APOS O VENCIMENTO COBRAR 2% DE MULTA                                 NAO RECEBER APOS 30 DIAS DO VENCIMENTO.                                                                                                                                                                                                         01062000000000000000106200000000000000       0090339900006270053510062018000105
100000000000000000000009033990000627000000000000000000000000010002020031898706201300000000002            2  01318987062024062000000002872470000000001N010620000000000000000000000000000000000000000000000000000000000000000100031898775800ANITA MARTINS COLOMBO                   RUA CARLOS JOSE BORSTENS - 50 AP.115 - A            11702750                                                            000107
2SR. CAIXA, APOS O VENCIMENTO COBRAR 2% DE MULTA                                 NAO RECEBER APOS 30 DIAS DO VENCIMENTO.                                                                                                                                                                                                         01062000000000000000106200000000000000       0090339900006270318987062013000108
100000000000000000000009033990000627000000000000000000000000010002020037983406201300000000002            2  01379834062026062000000002120840000000001N010620000000000000000000000000000000000000000000000000000000000000000100037983484801JOSE ERIVALDO SOUZA DO NASCIMENTO RAMOS RUA LETICIA - 250 - JARDIM GUARUJA - SAO            05877260                                                            000110
2SR. CAIXA, APOS O VENCIMENTO COBRAR 2% DE MULTA                                 NAO RECEBER APOS 30 DIAS DO VENCIMENTO.                                                                                                                                                                                                         01062000000000000000106200000000000000       0090339900006270379834062013000111
100000000000000000000009033990000627000000000000000000000000010002020056289206201400000000002            2  01562892062026062000000001602190000000001N010620000000000000000000000000000000000000000000000000000000000000000100056289286900PEDRO RIBEIRO                           RUA CONEGO MANOEL VAZ - 48 - SANTANA - S            02019050                                                            000113
2SR. CAIXA, APOS O VENCIMENTO COBRAR 2% DE MULTA                                 NAO RECEBER APOS 30 DIAS DO VENCIMENTO.                                                                                                                                                                                                         01062000000000000000106200000000000000       0090339900006270562892062014000114
100000000000000000000009033990000627000000000000000000000000010002020005025506201800000000002            2  01050255062026062000000002280090000000001N010620000000000000000000000000000000000000000000000000000000000000000100005025595860CONCEICAO APARECIDA DE MESQUITA PEREIRA RUA TRIUNFO - 835 AP.105 - JARDIM SAO LU            14020670                                                            000116
2SR. CAIXA, APOS O VENCIMENTO COBRAR 2% DE MULTA                                 NAO RECEBER APOS 30 DIAS DO VENCIMENTO.                                                                                                                                                                                                         01062000000000000000106200000000000000       0090339900006270050255062018000117
100000000000000000000009033990000627000000000000000000000000010002020034735306201000000000002            2  01347353062026062000000002198910000000001N010620000000000000000000000000000000000000000000000000000000000000000100034735328866DIEGO FELIPE MOLINA DA SILVA E SOUSA    RUA EMILIA PAULISTA - 135 - VILA TIRADEN            05364020                                                            000119
2SR. CAIXA, APOS O VENCIMENTO COBRAR 2% DE MULTA                                 NAO RECEBER APOS 30 DIAS DO VENCIMENTO.                                                                                                                                                                                                         01062000000000000000106200000000000000       0090339900006270347353062010000120
100000000000000000000009033990000627000000000000000000000000010002020076175606201100000000002            2  01761756062024062000000003986370000000001N010620000000000000000000000000000000000000000000000000000000000000000100076175685687GILMAR DE OLIVEIRA BRAGA                RUA MARACAJU - 161 AP.202 - NOVA GRANADA            30431350                                                            000122
2SR. CAIXA, APOS O VENCIMENTO COBRAR 2% DE MULTA                                 NAO RECEBER APOS 30 DIAS DO VENCIMENTO.                                                                                                                                                                                                         01062000000000000000106200000000000000       0090339900006270761756062011000123
100000000000000000000009033990000627000000000000000000000000010002020034812206201400000000002            2  01348122062024062000000003801830000000001N010620000000000000000000000000000000000000000000000000000000000000000100034812226880THAIS TORQUATO MIMOSO DE JESUS          RUA ARNALDO CINTRA - 416 AP.104 TORRE 2             03088000                                                            000125
2SR. CAIXA, APOS O VENCIMENTO COBRAR 2% DE MULTA                                 NAO RECEBER APOS 30 DIAS DO VENCIMENTO.                                                                                                                                                                                                         01062000000000000000106200000000000000       0090339900006270348122062014000126
100000000000000000000009033990000627000000000000000000000000010002020012849406201000000000002            2  01128494062026062000000003788150000000001N010620000000000000000000000000000000000000000000000000000000000000000100012849428809MOISES CLAUDIO DO ROSARIO               AVENIDA DR. AUGUSTO DE TOLEDO - 510 AP.1            09541520                                                            000128
2SR. CAIXA, APOS O VENCIMENTO COBRAR 2% DE MULTA                                 NAO RECEBER APOS 30 DIAS DO VENCIMENTO.                                                                                                                                                                                                         01062000000000000000106200000000000000       0090339900006270128494062010000129
100000000000000000000009033990000627000000000000000000000000010002020015702306201000000000002            2  01157023062026062000000002101750000000001N010620000000000000000000000000000000000000000000000000000000000000000100015702353846MARIA DE LOURDES DE MACENO SOUZA        RUA JOSE CALIXTO DO CARMO - 286 AP.83 -             11702690                                                            000131
2SR. CAIXA, APOS O VENCIMENTO COBRAR 2% DE MULTA                                 NAO RECEBER APOS 30 DIAS DO VENCIMENTO.                                                                                                                                                                                                         01062000000000000000106200000000000000       0090339900006270157023062010000132
100000000000000000000009033990000627000000000000000000000000010002020006749706201200000000002            2  01067497062023062000000002010130000000001N010620000000000000000000000000000000000000000000000000000000000000000100006749731600MARCELA DA ROCHA REIS                   RUA COLOMBIA - 665 AP.1204 - JARDIM GUIL            11702020                                                            000134
2SR. CAIXA, APOS O VENCIMENTO COBRAR 2% DE MULTA                                 NAO RECEBER APOS 30 DIAS DO VENCIMENTO.                                                                                                                                                                                                         01062000000000000000106200000000000000       0090339900006270067497062012000135
100000000000000000000009033990000627000000000000000000000000010002020006749706202000000000002            2  01067497062023062000000002010120000000001N010620000000000000000000000000000000000000000000000000000000000000000100006749731600MARCELA DA ROCHA REIS                   RUA COLOMBIA - 665 AP.1204 - JARDIM GUIL            11702020                                                            000137
2SR. CAIXA, APOS O VENCIMENTO COBRAR 2% DE MULTA                                 NAO RECEBER APOS 30 DIAS DO VENCIMENTO.                                                                                                                                                                                                         01062000000000000000106200000000000000       0090339900006270067497062020000138
100000000000000000000009033990000627000000000000000000000000010002020003658606201500000000002            2  01036586062026062000000001564960000000001N010620000000000000000000000000000000000000000000000000000000000000000100003658668814MARINEZ VALENTIN                        RUA JOSE CALIXTO DO CARMO - 286 AP.95 -             11702690                                                            000140
2SR. CAIXA, APOS O VENCIMENTO COBRAR 2% DE MULTA                                 NAO RECEBER APOS 30 DIAS DO VENCIMENTO.                                                                                                                                                                                                         01062000000000000000106200000000000000       0090339900006270036586062015000141
100000000000000000000009033990000627000000000000000000000000010002020014087406201300000000002            2  01140874062026062000000002091430000000001N010620000000000000000000000000000000000000000000000000000000000000000100014087484874SERGIO SANTOS DO NASCIMENTO             RUA PANTALEAO BRAZ - 21 - JARDIM ESTER -            05372080                                                            000143
2SR. CAIXA, APOS O VENCIMENTO COBRAR 2% DE MULTA                                 NAO RECEBER APOS 30 DIAS DO VENCIMENTO.                                                                                                                                                                                                         01062000000000000000106200000000000000       0090339900006270140874062013000144
100000000000000000000009033990000627000000000000000000000000010002020026834506201200000000002            2  01268345062026062000000001927000000000001N010620000000000000000000000000000000000000000000000000000000000000000100026834550895RAQUEL CARDOSO JOAO                     RUA PEDROSO XAVIER - 277 AP.23 TORRE 01             02732020                                                            000146
2SR. CAIXA, APOS O VENCIMENTO COBRAR 2% DE MULTA                                 NAO RECEBER APOS 30 DIAS DO VENCIMENTO.                                                                                                                                                                                                         01062000000000000000106200000000000000       0090339900006270268345062012000147
100000000000000000000009033990000627000000000000000000000000010002020039540006201000000000002            2  01395400062026062000000001894510000000001N010620000000000000000000000000000000000000000000000000000000000000000100039540008816LUZINETE CLARINDO SILVA                 RUA DEINOS - 275 - BAIRRO CIDADE SATELIT            08340100                                                            000149
2SR. CAIXA, APOS O VENCIMENTO COBRAR 2% DE MULTA                                 NAO RECEBER APOS 30 DIAS DO VENCIMENTO.                                                                                                                                                                                                         01062000000000000000106200000000000000       0090339900006270395400062010000150
100000000000000000000009033990000627000000000000000000000000010002020005723206201500000000002            2  01057232062023062000000002627960000000001N010620000000000000000000000000000000000000000000000000000000000000000100005723255843FRANCISCO DE ASSIS DA SILVA             PRACA NICOLAU GERAIGIRE - 25 VISOR - JAR            11095110                                                            000152
2SR. CAIXA, APOS O VENCIMENTO COBRAR 2% DE MULTA                                 NAO RECEBER APOS 30 DIAS DO VENCIMENTO.                                                                                                                                                                                                         01062000000000000000106200000000000000       0090339900006270057232062015000153
100000000000000000000009033990000627000000000000000000000000010002020003311006201800000000002            2  01033110062026062000000001972890000000001N010620000000000000000000000000000000000000000000000000000000000000000100003311030877SEBASTIAO SARUVA NETO                   RUA HAMILTON REGIS - 559 - BAIRRO DO LIM            08051440                                                            000155
2SR. CAIXA, APOS O VENCIMENTO COBRAR 2% DE MULTA                                 NAO RECEBER APOS 30 DIAS DO VENCIMENTO.                                                                                                                                                                                                         01062000000000000000106200000000000000       0090339900006270033110062018000156
9                                                                                                                                                                                                                                                                                                                                                                                                         000157