01REMESSA01COBRANCA       00000000000008017025HB SANTOS CONSTRUTORA E INCORP237BRADESCO       020720        MX0000108                                                                                                                                                                                                                                                                                     000001
100000000000000000000009033990000627000000000000000000000000010002020025035107201500000000002            2  01250351072024072000000002270410000000001N020720000000000000000000000000000000000000000000000000000000000000000100025035170802WANDERSON LUIS DE CARVALHO              RUA JOAQUIM GONCALVES ROCHA - 302 - JARD            02859030                                                            000002
2SR. CAIXA, APOS O VENCIMENTO COBRAR 2% DE MULTA                                 NAO RECEBER APOS 30 DIAS DO VENCIMENTO.                                                                                                                                                                                                         02072000000000000000207200000000000000       0090339900006270250351072015000003
100000000000000000000009033990000627000000000000000000000000010002020007294307201200000000002            2  01072943072024072000000003053740000000001N020720000000000000000000000000000000000000000000000000000000000000000100007294351805CLAUDENIR APARECIDO VACARI              RUA CARLOS JOSE BORSTENS - 50 AP.93 - AV            11702750                                                            000005
2SR. CAIXA, APOS O VENCIMENTO COBRAR 2% DE MULTA                                 NAO RECEBER APOS 30 DIAS DO VENCIMENTO.                                                                                                                                                                                                         02072000000000000000207200000000000000       0090339900006270072943072012000006
100000000000000000000009033990000627000000000000000000000000010002020042976107201200000000002            2  01429761072024072000000003085790000000001N020720000000000000000000000000000000000000000000000000000000000000000100042976111634ACACIO TOSCANO BONDANCA                 RUA COMENDADOR JACOMO ANTONIO LA SELVA -            12946797                                                            000008
2SR. CAIXA, APOS O VENCIMENTO COBRAR 2% DE MULTA                                 NAO RECEBER APOS 30 DIAS DO VENCIMENTO.                                                                                                                                                                                                         02072000000000000000207200000000000000       0090339900006270429761072012000009
100000000000000000000009033990000627000000000000000000000000010002020035438007201600000000002            2  01354380072024072000000002606100000000001N020720000000000000000000000000000000000000000000000000000000000000000100035438022836ALESSANDRO FARACO DOS SANTOS            RUA PEDRO POMAR  - 145 - JARDIM ELISA MA            02875020                                                            000011
2SR. CAIXA, APOS O VENCIMENTO COBRAR 2% DE MULTA                                 NAO RECEBER APOS 30 DIAS DO VENCIMENTO.                                                                                                                                                                                                         02072000000000000000207200000000000000       0090339900006270354380072016000012
100000000000000000000009033990000627000000000000000000000000010002020007525007201800000000002            2  01075250072024072000000003415730000000001N020720000000000000000000000000000000000000000000000000000000000000000100007525032866FERNANDO RIBEIRO                        RUA CARLOS JOSE BORSTENS - 50 AP.32 - AV            11702750                                                            000014
2SR. CAIXA, APOS O VENCIMENTO COBRAR 2% DE MULTA                                 NAO RECEBER APOS 30 DIAS DO VENCIMENTO.                                                                                                                                                                                                         02072000000000000000207200000000000000       0090339900006270075250072018000015
100000000000000000000009033990000627000000000000000000000000010002020005071407201300000000002            2  01050714072024072000000002996250000000001N020720000000000000000000000000000000000000000000000000000000000000000100005071481855ERIBALDO SANTANA CARVALHO               RUA HONDURAS - 477 - PARQUE DAS AMERICAS            09351070                                                            000017
2SR. CAIXA, APOS O VENCIMENTO COBRAR 2% DE MULTA                                 NAO RECEBER APOS 30 DIAS DO VENCIMENTO.                                                                                                                                                                                                         02072000000000000000207200000000000000       0090339900006270050714072013000018
100000000000000000000009033990000627000000000000000000000000010002020002841707201700000000002            2  01028417072024072000000002803280000000001N020720000000000000000000000000000000000000000000000000000000000000000100002841756416LUCIANA PINHEIRO DE ASSIS NUNES         RUA RIO ACIMA - 81 - RIACHO GRANDE - SAO            09830100                                                            000020
2SR. CAIXA, APOS O VENCIMENTO COBRAR 2% DE MULTA                                 NAO RECEBER APOS 30 DIAS DO VENCIMENTO.                                                                                                                                                                                                         02072000000000000000207200000000000000       0090339900006270028417072017000021
100000000000000000000009033990000627000000000000000000000000010002020084302007201600000000002            2  01843020072024072000000002816720000000001N020720000000000000000000000000000000000000000000000000000000000000000100084302097868FAUSTO TADEU VILOR                      RUA ANTONIO TAVARES - 466 - BAIRRO CAMBU            01542010                                                            000023
2SR. CAIXA, APOS O VENCIMENTO COBRAR 2% DE MULTA                                 NAO RECEBER APOS 30 DIAS DO VENCIMENTO.                                                                                                                                                                                                         02072000000000000000207200000000000000       0090339900006270843020072016000024
100000000000000000000009033990000627000000000000000000000000010002020028804207201600000000002            2  01288042072024072000000002767450000000001N020720000000000000000000000000000000000000000000000000000000000000000100028804202882GILBERTO FABIANO CABRAL DE CAMARGO      RUA CARLOS JOSE BORSTENS - 50 AP.44 - AV            11702750                                                            000026
2SR. CAIXA, APOS O VENCIMENTO COBRAR 2% DE MULTA                                 NAO RECEBER APOS 30 DIAS DO VENCIMENTO.                                                                                                                                                                                                         02072000000000000000207200000000000000       0090339900006270288042072016000027
100000000000000000000009033990000627000000000000000000000000010002020000991707201900000000002            2  01009917072024072000000002701140000000001N020720000000000000000000000000000000000000000000000000000000000000000100000991748808JAILSON BORGES DE ANDRADE               RUA IPIOBUNA - 45 - JARDIM CUMBICA - GUA            07240040                                                            000029
2SR. CAIXA, APOS O VENCIMENTO COBRAR 2% DE MULTA                                 NAO RECEBER APOS 30 DIAS DO VENCIMENTO.                                                                                                                                                                                                         02072000000000000000207200000000000000       0090339900006270009917072019000030
100000000000000000000009033990000627000000000000000000000000010002020022151607201500000000002            2  01221516072024072000000002685460000000001N020720000000000000000000000000000000000000000000000000000000000000000100022151666816SAMIR LIMA DE ARAUJO                    AVENIDA GUARAPIRANGA - 2616 AP.131 BL.14            04902005                                                            000032
2SR. CAIXA, APOS O VENCIMENTO COBRAR 2% DE MULTA                                 NAO RECEBER APOS 30 DIAS DO VENCIMENTO.                                                                                                                                                                                                         02072000000000000000207200000000000000       0090339900006270221516072015000033
100000000000000000000009033990000627000000000000000000000000010002020022313107201700000000002            2  01223131072026072000000002065760000000001N020720000000000000000000000000000000000000000000000000000000000000000100022313116824ROSA MARIA BRITO DA SILVA               RUA SERVIDAO DE SAO MARCOS - 113 - JARDI            04930300                                                            000035
2SR. CAIXA, APOS O VENCIMENTO COBRAR 2% DE MULTA                                 NAO RECEBER APOS 30 DIAS DO VENCIMENTO.                                                                                                                                                                                                         02072000000000000000207200000000000000       0090339900006270223131072017000036
100000000000000000000009033990000627000000000000000000000000010002020027538007201900000000002            2  01275380072026072000000002072970000000001N020720000000000000000000000000000000000000000000000000000000000000000100027538087249MARA LUCIA MENEZES DA COSTA             RUA LEILA  - 183 - ITAQUERA - SAO PAULO             08240020                                                            000038
2SR. CAIXA, APOS O VENCIMENTO COBRAR 2% DE MULTA                                 NAO RECEBER APOS 30 DIAS DO VENCIMENTO.                                                                                                                                                                                                         02072000000000000000207200000000000000       0090339900006270275380072019000039
100000000000000000000009033990000627000000000000000000000000010002020031278407201500000000002            2  01312784072024072000000002594230000000001N020720000000000000000000000000000000000000000000000000000000000000000100031278411836JEFFERSON DE PIERI PIRES ZAMUNER        RUA MANOEL ARCE - 277 - PARQUE BANCARIO             03922150                                                            000041
2SR. CAIXA, APOS O VENCIMENTO COBRAR 2% DE MULTA                                 NAO RECEBER APOS 30 DIAS DO VENCIMENTO.                                                                                                                                                                                                         02072000000000000000207200000000000000       0090339900006270312784072015000042
100000000000000000000009033990000627000000000000000000000000010002020031278407202300000000002            2  01312784072024072000000002594220000000001N020720000000000000000000000000000000000000000000000000000000000000000100031278411836JEFFERSON DE PIERI PIRES ZAMUNER        RUA MANOEL ARCE - 277 - PARQUE BANCARIO             03922150                                                            000044
2SR. CAIXA, APOS O VENCIMENTO COBRAR 2% DE MULTA                                 NAO RECEBER APOS 30 DIAS DO VENCIMENTO.                                                                                                                                                                                                         02072000000000000000207200000000000000       0090339900006270312784072023000045
100000000000000000000009033990000627000000000000000000000000010002020019185707201700000000002            2  01191857072026072000000001886430000000001N020720000000000000000000000000000000000000000000000000000000000000000100019185769800AGUINALDO PESSOA DE LIMA                RUA JANUARIO ZINGARO - 252 AP.303 BL.04             05794300                                                            000047
2SR. CAIXA, APOS O VENCIMENTO COBRAR 2% DE MULTA                                 NAO RECEBER APOS 30 DIAS DO VENCIMENTO.                                                                                                                                                                                                         02072000000000000000207200000000000000       0090339900006270191857072017000048
100000000000000000000009033990000627000000000000000000000000010002020033303607201800000000002            2  01333036072026072000000002031860000000001N020720000000000000000000000000000000000000000000000000000000000000000100033303645809JESSICA DA SILVA FREITAS                RUA ARILDO VALADAO - 120 - JARDIM GUAEMB            04814600                                                            000050
2SR. CAIXA, APOS O VENCIMENTO COBRAR 2% DE MULTA                                 NAO RECEBER APOS 30 DIAS DO VENCIMENTO.                                                                                                                                                                                                         02072000000000000000207200000000000000       0090339900006270333036072018000051
100000000000000000000009033990000627000000000000000000000000010002020004824407201700000000002            2  01048244072026072000000002047950000000001N020720000000000000000000000000000000000000000000000000000000000000000100004824443806ROSIMEIRE CLARA FERREIRA REZENDE        RUA JOSE CALIXTO DO CARMO - 286 AP.43 -             11702690                                                            000053
2SR. CAIXA, APOS O VENCIMENTO COBRAR 2% DE MULTA                                 NAO RECEBER APOS 30 DIAS DO VENCIMENTO.                                                                                                                                                                                                         02072000000000000000207200000000000000       0090339900006270048244072017000054
100000000000000000000009033990000627000000000000000000000000010002020006422607201300000000002            2  01064226072024072000000002809610000000001N020720000000000000000000000000000000000000000000000000000000000000000100006422607881GERALDO ALVES DA SILVA                  RUA CARLOS JOSE BORSTENS - 50 AP.14 - AV            11702750                                                            000056
2SR. CAIXA, APOS O VENCIMENTO COBRAR 2% DE MULTA                                 NAO RECEBER APOS 30 DIAS DO VENCIMENTO.                                                                                                                                                                                                         02072000000000000000207200000000000000       0090339900006270064226072013000057
100000000000000000000009033990000627000000000000000000000000010002020033877107201500000000002            2  01338771072026072000000001904940000000001N020720000000000000000000000000000000000000000000000000000000000000000100033877129870HELDER FERREIRA VIANA                   RUA JOSE CALIXTO DO CARMO - 286 AP.35 -             11702690                                                            000059
2SR. CAIXA, APOS O VENCIMENTO COBRAR 2% DE MULTA                                 NAO RECEBER APOS 30 DIAS DO VENCIMENTO.                                                                                                                                                                                                         02072000000000000000207200000000000000       0090339900006270338771072015000060
100000000000000000000009033990000627000000000000000000000000010002020028290707201900000000002            2  01282907072026072000000001755630000000001N020720000000000000000000000000000000000000000000000000000000000000000100028290719809VANESSA GIANGARRELLI PEREIRA            RUA BARINEL - 72 - JARDIM COTCHING - SAO            03462130                                                            000062
2SR. CAIXA, APOS O VENCIMENTO COBRAR 2% DE MULTA                                 NAO RECEBER APOS 30 DIAS DO VENCIMENTO.                                                                                                                                                                                                         02072000000000000000207200000000000000       0090339900006270282907072019000063
100000000000000000000009033990000627000000000000000000000000010002020028290707202700000000002            2  01282907072026072000000001755610000000001N020720000000000000000000000000000000000000000000000000000000000000000100028290719809VANESSA GIANGARRELLI PEREIRA            RUA BARINEL - 72 - JARDIM COTCHING - SAO            03462130                                                            000065
2SR. CAIXA, APOS O VENCIMENTO COBRAR 2% DE MULTA                                 NAO RECEBER APOS 30 DIAS DO VENCIMENTO.                                                                                                                                                                                                         02072000000000000000207200000000000000       0090339900006270282907072027000066
100000000000000000000009033990000627000000000000000000000000010002020028290707203500000000002            2  01282907072026072000000001755620000000001N020720000000000000000000000000000000000000000000000000000000000000000100028290719809VANESSA GIANGARRELLI PEREIRA            RUA BARINEL - 72 - JARDIM COTCHING - SAO            03462130                                                            000068
2SR. CAIXA, APOS O VENCIMENTO COBRAR 2% DE MULTA                                 NAO RECEBER APOS 30 DIAS DO VENCIMENTO.                                                                                                                                                                                                         02072000000000000000207200000000000000       0090339900006270282907072035000069
100000000000000000000009033990000627000000000000000000000000010002020087573007201400000000002            2  01875730072026072000000001917140000000001N020720000000000000000000000000000000000000000000000000000000000000000100087573059604VANDERLEY DE ASSIS                      RUA ROMEU ALBANI - 268 - JARDIM PARQUE R            13803810                                                            000071
2SR. CAIXA, APOS O VENCIMENTO COBRAR 2% DE MULTA                                 NAO RECEBER APOS 30 DIAS DO VENCIMENTO.                                                                                                                                                                                                         02072000000000000000207200000000000000       0090339900006270875730072014000072
100000000000000000000009033990000627000000000000000000000000010002020010825507201100000000002            2  01108255072026072000000002000630000000001N020720000000000000000000000000000000000000000000000000000000000000000100010825513847JOSE APARECIDO PEREIRA                  RUA GENERAL OSORIO - 305 - JARDIM TRINTA            11515130                                                            000074
2SR. CAIXA, APOS O VENCIMENTO COBRAR 2% DE MULTA                                 NAO RECEBER APOS 30 DIAS DO VENCIMENTO.                                                                                                                                                                                                         02072000000000000000207200000000000000       0090339900006270108255072011000075
100000000000000000000009033990000627000000000000000000000000010002020038818507201100000000002            2  01388185072026072000000002034830000000001N020720000000000000000000000000000000000000000000000000000000000000000100038818572814MAURICIUS ALEXANDRE ESTEVAM NABOR       RUA JOSE CALIXTO DO CARMO - 286 AP.25 -             11702690                                                            000077
2SR. CAIXA, APOS O VENCIMENTO COBRAR 2% DE MULTA                                 NAO RECEBER APOS 30 DIAS DO VENCIMENTO.                                                                                                                                                                                                         02072000000000000000207200000000000000       0090339900006270388185072011000078
100000000000000000000009033990000627000000000000000000000000010002020039115107201300000000002            2  01391151072026072000000002466130000000001N020720000000000000000000000000000000000000000000000000000000000000000100039115139840LAIS CRISTINA RIBEIRO ANDO              RUA JOSE CALIXTO DO CARMO - 286 AP.65 -             11702690                                                            000080
2SR. CAIXA, APOS O VENCIMENTO COBRAR 2% DE MULTA                                 NAO RECEBER APOS 30 DIAS DO VENCIMENTO.                                                                                                                                                                                                         02072000000000000000207200000000000000       0090339900006270391151072013000081
100000000000000000000009033990000627000000000000000000000000010002020029617507201100000000002            2  01296175072024072000000002757730000000001N020720000000000000000000000000000000000000000000000000000000000000000100029617510553MARILENE SOUZA DE OLIVEIRA              AVENIDA BRASIL - 393 AP.09 - PARQUE DAS             09210280                                                            000083
2SR. CAIXA, APOS O VENCIMENTO COBRAR 2% DE MULTA                                 NAO RECEBER APOS 30 DIAS DO VENCIMENTO.                                                                                                                                                                                                         02072000000000000000207200000000000000       0090339900006270296175072011000084
100000000000000000000009033990000627000000000000000000000000010002020000593207201100000000002            2  01005932072024072000000003024560000000001N020720000000000000000000000000000000000000000000000000000000000000000100000593293860WALTER HELIO BARBOSA FILHO              AVENIDA ANTONIO FREDERICO OZANAN - 9500             13214206                                                            000086
2SR. CAIXA, APOS O VENCIMENTO COBRAR 2% DE MULTA                                 NAO RECEBER APOS 30 DIAS DO VENCIMENTO.                                                                                                                                                                                                         02072000000000000000207200000000000000       0090339900006270005932072011000087
100000000000000000000009033990000627000000000000000000000000010002020007730007201700000000002            2  01077300072024072000000004301210000000001N020720000000000000000000000000000000000000000000000000000000000000000100007730084899ARNALDO LUIZ VONO                       RUA CARLOS JOSE BORSTENS - 50 AP.122 - A            11702750                                                            000089
2SR. CAIXA, APOS O VENCIMENTO COBRAR 2% DE MULTA                                 NAO RECEBER APOS 30 DIAS DO VENCIMENTO.                                                                                                                                                                                                         02072000000000000000207200000000000000       0090339900006270077300072017000090
100000000000000000000009033990000627000000000000000000000000010002020065584107201300000000002            2  01655841072024072000000001587720000000001N020720000000000000000000000000000000000000000000000000000000000000000100065584147834JOAQUIM DA COSTA MACHADO NETO           RUA CARLOS JOSE BORSTENS - 50 AP.42 - AV            11702750                                                            000092
2SR. CAIXA, APOS O VENCIMENTO COBRAR 2% DE MULTA                                 NAO RECEBER APOS 30 DIAS DO VENCIMENTO.                                                                                                                                                                                                         02072000000000000000207200000000000000       0090339900006270655841072013000093
100000000000000000000009033990000627000000000000000000000000010002020065584107202100000000002            2  01655841072024072000000001587710000000001N020720000000000000000000000000000000000000000000000000000000000000000100065584147834JOAQUIM DA COSTA MACHADO NETO           RUA CARLOS JOSE BORSTENS - 50 AP.42 - AV            11702750                                                            000095
2SR. CAIXA, APOS O VENCIMENTO COBRAR 2% DE MULTA                                 NAO RECEBER APOS 30 DIAS DO VENCIMENTO.                                                                                                                                                                                                         02072000000000000000207200000000000000       0090339900006270655841072021000096
100000000000000000000009033990000627000000000000000000000000010002020001616907201500000000002            2  01016169072024072000000002792310000000001N020720000000000000000000000000000000000000000000000000000000000000000100001616913827CLAUDIO LUIZ PAULELLA                   PRACA NESTOR DOS SANTOS ARRUDA - 26 - VI            13920000                                                            000098
2SR. CAIXA, APOS O VENCIMENTO COBRAR 2% DE MULTA                                 NAO RECEBER APOS 30 DIAS DO VENCIMENTO.                                                                                                                                                                                                         02072000000000000000207200000000000000       0090339900006270016169072015000099
100000000000000000000009033990000627000000000000000000000000010002020006684607201600000000002            2  01066846072026072000000002031590000000001N020720000000000000000000000000000000000000000000000000000000000000000100006684623884LAUDINOR VIEIRA GARCIA                  RUA CANDIDO SALES - 374 - JARDIM PRESIDE            07172000                                                            000101
2SR. CAIXA, APOS O VENCIMENTO COBRAR 2% DE MULTA                                 NAO RECEBER APOS 30 DIAS DO VENCIMENTO.                                                                                                                                                                                                         02072000000000000000207200000000000000       0090339900006270066846072016000102
100000000000000000000009033990000627000000000000000000000000010002020011663507201700000000002            2  01116635072026072000000002046230000000001N020720000000000000000000000000000000000000000000000000000000000000000100011663589844MARIA SAVIO QUARELLO                    AVENIDA MENDONCA DRUMOND - 321 - JARDIM             03524030                                                            000104
2SR. CAIXA, APOS O VENCIMENTO COBRAR 2% DE MULTA                                 NAO RECEBER APOS 30 DIAS DO VENCIMENTO.                                                                                                                                                                                                         02072000000000000000207200000000000000       0090339900006270116635072017000105
100000000000000000000009033990000627000000000000000000000000010002020010083807201900000000002            2  01100838072026072000000001976990000000001N020720000000000000000000000000000000000000000000000000000000000000000100010083824855IONE FERREIRA COUTO DA SILVA            RUA JOSE RAGEL DE MESQUITA - 60 CS.01 -             07799999                                                            000107
2SR. CAIXA, APOS O VENCIMENTO COBRAR 2% DE MULTA                                 NAO RECEBER APOS 30 DIAS DO VENCIMENTO.                                                                                                                                                                                                         02072000000000000000207200000000000000       0090339900006270100838072019000108
100000000000000000000009033990000627000000000000000000000000010002020036881707201100000000002            2  01368817072026072000000001940070000000001N020720000000000000000000000000000000000000000000000000000000000000000100036881778864ANDRE GONZALEZ RABELLO                  RUA PARAIBA - 106 AP.61 - POMPEIA - SANT            11065470                                                            000110
2SR. CAIXA, APOS O VENCIMENTO COBRAR 2% DE MULTA                                 NAO RECEBER APOS 30 DIAS DO VENCIMENTO.                                                                                                                                                                                                         02072000000000000000207200000000000000       0090339900006270368817072011000111
100000000000000000000009033990000627000000000000000000000000010002020018207007201000000000002            2  01182070072024072000000002674220000000001N020720000000000000000000000000000000000000000000000000000000000000000100018207096802ROBERTO VALENTE TAVARES                 RUA SEBASTIAO GOMES - 218 - JARDIM SANTO            13835000                                                            000113
2SR. CAIXA, APOS O VENCIMENTO COBRAR 2% DE MULTA                                 NAO RECEBER APOS 30 DIAS DO VENCIMENTO.                                                                                                                                                                                                         02072000000000000000207200000000000000       0090339900006270182070072010000114
100000000000000000000009033990000627000000000000000000000000010002020005351007201300000000002            2  01053510072026072000000001819020000000001N020720000000000000000000000000000000000000000000000000000000000000000100005351015897VALERIA ALVES MARCOLINO HINNIGER        RUA JOSE CALIXTO DO CARMO - 286 AP.92 -             11702690                                                            000116
2SR. CAIXA, APOS O VENCIMENTO COBRAR 2% DE MULTA                                 NAO RECEBER APOS 30 DIAS DO VENCIMENTO.                                                                                                                                                                                                         02072000000000000000207200000000000000       0090339900006270053510072013000117
100000000000000000000009033990000627000000000000000000000000010002020031898707201900000000002            2  01318987072024072000000002894010000000001N020720000000000000000000000000000000000000000000000000000000000000000100031898775800ANITA MARTINS COLOMBO                   RUA CARLOS JOSE BORSTENS - 50 AP.115 - A            11702750                                                            000119
2SR. CAIXA, APOS O VENCIMENTO COBRAR 2% DE MULTA                                 NAO RECEBER APOS 30 DIAS DO VENCIMENTO.                                                                                                                                                                                                         02072000000000000000207200000000000000       0090339900006270318987072019000120
100000000000000000000009033990000627000000000000000000000000010002020037983407201900000000002            2  01379834072026072000000002136750000000001N020720000000000000000000000000000000000000000000000000000000000000000100037983484801JOSE ERIVALDO SOUZA DO NASCIMENTO RAMOS RUA LETICIA - 250 - JARDIM GUARUJA - SAO            05877260                                                            000122
2SR. CAIXA, APOS O VENCIMENTO COBRAR 2% DE MULTA                                 NAO RECEBER APOS 30 DIAS DO VENCIMENTO.                                                                                                                                                                                                         02072000000000000000207200000000000000       0090339900006270379834072019000123
100000000000000000000009033990000627000000000000000000000000010002020056289207201P00000000002            2  01562892072026072000000007054840000000001N020720000000000000000000000000000000000000000000000000000000000000000100056289286900PEDRO RIBEIRO                           RUA CONEGO MANOEL VAZ - 48 - SANTANA - S            02019050                                                            000125
2SR. CAIXA, APOS O VENCIMENTO COBRAR 2% DE MULTA                                 NAO RECEBER APOS 30 DIAS DO VENCIMENTO.                                                                                                                                                                                                         02072000000000000000207200000000000000       009033990000627056289207201P000126
100000000000000000000009033990000627000000000000000000000000010002020056289207202800000000002            2  01562892072026072000000001614210000000001N020720000000000000000000000000000000000000000000000000000000000000000100056289286900PEDRO RIBEIRO                           RUA CONEGO MANOEL VAZ - 48 - SANTANA - S            02019050                                                            000128
2SR. CAIXA, APOS O VENCIMENTO COBRAR 2% DE MULTA                                 NAO RECEBER APOS 30 DIAS DO VENCIMENTO.                                                                                                                                                                                                         02072000000000000000207200000000000000       0090339900006270562892072028000129
100000000000000000000009033990000627000000000000000000000000010002020005025507201300000000002            2  01050255072026072000000002297190000000001N020720000000000000000000000000000000000000000000000000000000000000000100005025595860CONCEICAO APARECIDA DE MESQUITA PEREIRA RUA TRIUNFO - 835 AP.105 - JARDIM SAO LU            14020670                                                            000131
2SR. CAIXA, APOS O VENCIMENTO COBRAR 2% DE MULTA                                 NAO RECEBER APOS 30 DIAS DO VENCIMENTO.                                                                                                                                                                                                         02072000000000000000207200000000000000       0090339900006270050255072013000132
100000000000000000000009033990000627000000000000000000000000010002020034735307201600000000002            2  01347353072026072000000002215400000000001N020720000000000000000000000000000000000000000000000000000000000000000100034735328866DIEGO FELIPE MOLINA DA SILVA E SOUSA    RUA EMILIA PAULISTA - 135 - VILA TIRADEN            05364020                                                            000134
2SR. CAIXA, APOS O VENCIMENTO COBRAR 2% DE MULTA                                 NAO RECEBER APOS 30 DIAS DO VENCIMENTO.                                                                                                                                                                                                         02072000000000000000207200000000000000       0090339900006270347353072016000135
100000000000000000000009033990000627000000000000000000000000010002020076175607201700000000002            2  01761756072024072000000004016270000000001N020720000000000000000000000000000000000000000000000000000000000000000100076175685687GILMAR DE OLIVEIRA BRAGA                RUA MARACAJU - 161 AP.202 - NOVA GRANADA            30431350                                                            000137
2SR. CAIXA, APOS O VENCIMENTO COBRAR 2% DE MULTA                                 NAO RECEBER APOS 30 DIAS DO VENCIMENTO.                                                                                                                                                                                                         02072000000000000000207200000000000000       0090339900006270761756072017000138
100000000000000000000009033990000627000000000000000000000000010002020034812207201P00000000002            2  01348122072024072000000003830340000000001N020720000000000000000000000000000000000000000000000000000000000000000100034812226880THAIS TORQUATO MIMOSO DE JESUS          RUA ARNALDO CINTRA - 416 AP.104 TORRE 2             03088000                                                            000140
2SR. CAIXA, APOS O VENCIMENTO COBRAR 2% DE MULTA                                 NAO RECEBER APOS 30 DIAS DO VENCIMENTO.                                                                                                                                                                                                         02072000000000000000207200000000000000       009033990000627034812207201P000141
100000000000000000000009033990000627000000000000000000000000010002020012849407201600000000002            2  01128494072026072000000003816560000000001N020720000000000000000000000000000000000000000000000000000000000000000100012849428809MOISES CLAUDIO DO ROSARIO               AVENIDA DR. AUGUSTO DE TOLEDO - 510 AP.1            09541520                                                            000143
2SR. CAIXA, APOS O VENCIMENTO COBRAR 2% DE MULTA                                 NAO RECEBER APOS 30 DIAS DO VENCIMENTO.                                                                                                                                                                                                         02072000000000000000207200000000000000       0090339900006270128494072016000144
100000000000000000000009033990000627000000000000000000000000010002020015702307201600000000002            2  01157023072026072000000002117510000000001N020720000000000000000000000000000000000000000000000000000000000000000100015702353846MARIA DE LOURDES DE MACENO SOUZA        RUA JOSE CALIXTO DO CARMO - 286 AP.83 -             11702690                                                            000146
2SR. CAIXA, APOS O VENCIMENTO COBRAR 2% DE MULTA                                 NAO RECEBER APOS 30 DIAS DO VENCIMENTO.                                                                                                                                                                                                         02072000000000000000207200000000000000       0090339900006270157023072016000147
100000000000000000000009033990000627000000000000000000000000010002020006749707201800000000002            2  01067497072023072000000002010130000000001N020720000000000000000000000000000000000000000000000000000000000000000100006749731600MARCELA DA ROCHA REIS                   RUA COLOMBIA - 665 AP.1204 - JARDIM GUIL            11702020                                                            000149
2SR. CAIXA, APOS O VENCIMENTO COBRAR 2% DE MULTA                                 NAO RECEBER APOS 30 DIAS DO VENCIMENTO.                                                                                                                                                                                                         02072000000000000000207200000000000000       0090339900006270067497072018000150
100000000000000000000009033990000627000000000000000000000000010002020006749707202600000000002            2  01067497072023072000000002010120000000001N020720000000000000000000000000000000000000000000000000000000000000000100006749731600MARCELA DA ROCHA REIS                   RUA COLOMBIA - 665 AP.1204 - JARDIM GUIL            11702020                                                            000152
2SR. CAIXA, APOS O VENCIMENTO COBRAR 2% DE MULTA                                 NAO RECEBER APOS 30 DIAS DO VENCIMENTO.                                                                                                                                                                                                         02072000000000000000207200000000000000       0090339900006270067497072026000153
100000000000000000000009033990000627000000000000000000000000010002020003658607201000000000002            2  01036586072026072000000001576700000000001N020720000000000000000000000000000000000000000000000000000000000000000100003658668814MARINEZ VALENTIN                        RUA JOSE CALIXTO DO CARMO - 286 AP.95 -             11702690                                                            000155
2SR. CAIXA, APOS O VENCIMENTO COBRAR 2% DE MULTA                                 NAO RECEBER APOS 30 DIAS DO VENCIMENTO.                                                                                                                                                                                                         02072000000000000000207200000000000000       0090339900006270036586072010000156
100000000000000000000009033990000627000000000000000000000000010002020014087407201900000000002            2  01140874072026072000000002107120000000001N020720000000000000000000000000000000000000000000000000000000000000000100014087484874SERGIO SANTOS DO NASCIMENTO             RUA PANTALEAO BRAZ - 21 - JARDIM ESTER -            05372080                                                            000158
2SR. CAIXA, APOS O VENCIMENTO COBRAR 2% DE MULTA                                 NAO RECEBER APOS 30 DIAS DO VENCIMENTO.                                                                                                                                                                                                         02072000000000000000207200000000000000       0090339900006270140874072019000159
100000000000000000000009033990000627000000000000000000000000010002020026834507201800000000002            2  01268345072026072000000001941450000000001N020720000000000000000000000000000000000000000000000000000000000000000100026834550895RAQUEL CARDOSO JOAO                     RUA PEDROSO XAVIER - 277 AP.23 TORRE 01             02732020                                                            000161
2SR. CAIXA, APOS O VENCIMENTO COBRAR 2% DE MULTA                                 NAO RECEBER APOS 30 DIAS DO VENCIMENTO.                                                                                                                                                                                                         02072000000000000000207200000000000000       0090339900006270268345072018000162
100000000000000000000009033990000627000000000000000000000000010002020039540007201600000000002            2  01395400072026072000000001908720000000001N020720000000000000000000000000000000000000000000000000000000000000000100039540008816LUZINETE CLARINDO SILVA                 RUA DEINOS - 275 - BAIRRO CIDADE SATELIT            08340100                                                            000164
2SR. CAIXA, APOS O VENCIMENTO COBRAR 2% DE MULTA                                 NAO RECEBER APOS 30 DIAS DO VENCIMENTO.                                                                                                                                                                                                         02072000000000000000207200000000000000       0090339900006270395400072016000165
100000000000000000000009033990000627000000000000000000000000010002020005723207201000000000002            2  01057232072023072000000002627960000000001N020720000000000000000000000000000000000000000000000000000000000000000100005723255843FRANCISCO DE ASSIS DA SILVA             PRACA NICOLAU GERAIGIRE - 25 VISOR - JAR            11095110                                                            000167
2SR. CAIXA, APOS O VENCIMENTO COBRAR 2% DE MULTA                                 NAO RECEBER APOS 30 DIAS DO VENCIMENTO.                                                                                                                                                                                                         02072000000000000000207200000000000000       0090339900006270057232072010000168
100000000000000000000009033990000627000000000000000000000000010002020003311007201300000000002            2  01033110072026072000000001987690000000001N020720000000000000000000000000000000000000000000000000000000000000000100003311030877SEBASTIAO SARUVA NETO                   RUA HAMILTON REGIS - 559 - BAIRRO DO LIM            08051440                                                            000170
2SR. CAIXA, APOS O VENCIMENTO COBRAR 2% DE MULTA                                 NAO RECEBER APOS 30 DIAS DO VENCIMENTO.                                                                                                                                                                                                         02072000000000000000207200000000000000       0090339900006270033110072013000171
100000000000000000000009033990000627000000000000000000000000010002020004928107201500000000002            2  01049281072023072000000002569950000000001N020720000000000000000000000000000000000000000000000000000000000000000100004928157800ADEMIR APARECIDO ANTUNES                RUA JAIME TAVEIRA - 91 AP.056 B - CHACAR            03732060                                                            000173
2SR. CAIXA, APOS O VENCIMENTO COBRAR 2% DE MULTA                                 NAO RECEBER APOS 30 DIAS DO VENCIMENTO.                                                                                                                                                                                                         02072000000000000000207200000000000000       0090339900006270049281072015000174
100000000000000000000009033990000627000000000000000000000000010002020090091907201P00000000002            2  01900919072026072000000001899970000000001N020720000000000000000000000000000000000000000000000000000000000000000100090091990882JUECIR CARVALHO DA LUZ                  RUA CARLOS MARTINIANO DE ANDRADE BITENCO            11702410                                                            000176
2SR. CAIXA, APOS O VENCIMENTO COBRAR 2% DE MULTA                                 NAO RECEBER APOS 30 DIAS DO VENCIMENTO.                                                                                                                                                                                                         02072000000000000000207200000000000000       009033990000627090091907201P000177
9                                                                                                                                                                                                                                                                                                                                                                                                         000178