01REMESSA01COBRANCA       00000000000004991781AIRES CONSTRUTORA E INCORPORAD237BRADESCO       040320        MX0000137                                                                                                                                                                                                                                                                                     000001
100000000000000000000009077090006612500000000000000000000000010002100001224503201400000000002            2  01012245032025032000000003775700000000001N040320000000000000000000000000000000000000000000000000000000000000000100001224509579REINALDO JUNIOR MARTINS DE ABREU        AVENIDA INTERLAGOS - 6485 SALA 6 - INTER            04777000                                                            000002
2SR. CAIXA, APOS O VENCIMENTO COBRAR 10% DE MULTA                                NAO RECEBER APOS 30 DIAS DO VENCIMENTO.                                                                                                                                                                                                         04032000000000000000403200000000000000       0090770900066125012245032014000003
100000000000000000000009077090006612500000000000000000000000010002100016338903201700000000002            2  01163389032025032000000003725410000000001N040320000000000000000000000000000000000000000000000000000000000000000100016338929806EDVALDO DA SILVA ANDRADE                RUA ARIA - 434 - PARQUE ALVES DE LIMA -             04902170                                                            000005
2SR. CAIXA, APOS O VENCIMENTO COBRAR 10% DE MULTA                                NAO RECEBER APOS 30 DIAS DO VENCIMENTO.                                                                                                                                                                                                         04032000000000000000403200000000000000       0090770900066125163389032017000006
100000000000000000000009077090006612500000000000000000000000010002100026836903201700000000002            2  01268369032025032000000003373640000000001N040320000000000000000000000000000000000000000000000000000000000000000100026836908860VANDERLEI FIGUEIREDO DE CARVALHO        RUA SANTO ANTONIO DE PADUA - 213 BLOCO 3            11717070                                                            000008
2SR. CAIXA, APOS O VENCIMENTO COBRAR 10% DE MULTA                                NAO RECEBER APOS 30 DIAS DO VENCIMENTO.                                                                                                                                                                                                         04032000000000000000403200000000000000       0090770900066125268369032017000009
100000000000000000000009077090006612500000000000000000000000010002100029380703201100000000002            2  01293807032025032000000003373840000000001N040320000000000000000000000000000000000000000000000000000000000000000100029380708882EDUARDO MENDONCA DAMASCENO              RUA MONTE CASTELO - 296 AP.12 - AVIACAO             11702720                                                            000011
2SR. CAIXA, APOS O VENCIMENTO COBRAR 10% DE MULTA                                NAO RECEBER APOS 30 DIAS DO VENCIMENTO.                                                                                                                                                                                                         04032000000000000000403200000000000000       0090770900066125293807032011000012
100000000000000000000009077090006612500000000000000000000000010002100023988503201500000000002            2  01239885032025032000000003425740000000001N040320000000000000000000000000000000000000000000000000000000000000000100023988525634DALMY PIMENTA                           SAO CAETANO - 136 - VILA SAO VICENTE - U            38026220                                                            000014
2SR. CAIXA, APOS O VENCIMENTO COBRAR 10% DE MULTA                                NAO RECEBER APOS 30 DIAS DO VENCIMENTO.                                                                                                                                                                                                         04032000000000000000403200000000000000       0090770900066125239885032015000015
100000000000000000000009077090006612500000000000000000000000010002100004735203201700000000002            2  01047352032025032000000003724700000000001N040320000000000000000000000000000000000000000000000000000000000000000100004735273832DARIO LUIZ GONCALVES                    RUA MONTE CASTELO - 295 AP.113 - AVIACAO            11702720                                                            000017
2SR. CAIXA, APOS O VENCIMENTO COBRAR 10% DE MULTA                                NAO RECEBER APOS 30 DIAS DO VENCIMENTO.                                                                                                                                                                                                         04032000000000000000403200000000000000       0090770900066125047352032017000018
100000000000000000000009077090006612500000000000000000000000010002100007635203201700000000002            2  01076352032025032000000003330110000000001N040320000000000000000000000000000000000000000000000000000000000000000100007635293893SILVIO CARDOSO ZACARIAS                 RUA SOLIDONIO LEITE - 2718 AP.102 BLOCO             03275000                                                            000020
2SR. CAIXA, APOS O VENCIMENTO COBRAR 10% DE MULTA                                NAO RECEBER APOS 30 DIAS DO VENCIMENTO.                                                                                                                                                                                                         04032000000000000000403200000000000000       0090770900066125076352032017000021
100000000000000000000009077090006612500000000000000000000000010002100007975903201000000000002            2  01079759032025032000000003622980000000001N040320000000000000000000000000000000000000000000000000000000000000000100007975958808JOCY VIGNADO                            RUA PEDRO GONCALVES SOBRINHO - 568 - PAR            13098641                                                            000023
2SR. CAIXA, APOS O VENCIMENTO COBRAR 10% DE MULTA                                NAO RECEBER APOS 30 DIAS DO VENCIMENTO.                                                                                                                                                                                                         04032000000000000000403200000000000000       0090770900066125079759032010000024
100000000000000000000009077090006612500000000000000000000000010002100036386803201200000000002            2  01363868032025032000000003826400000000001N040320000000000000000000000000000000000000000000000000000000000000000100036386861833ALINE LEE WEI DE SOUZA                  AV. PRES.CASTELO BRANCO - 9127 AP.251 BL            11704600                                                            000026
2SR. CAIXA, APOS O VENCIMENTO COBRAR 10% DE MULTA                                NAO RECEBER APOS 30 DIAS DO VENCIMENTO.                                                                                                                                                                                                         04032000000000000000403200000000000000       0090770900066125363868032012000027
100000000000000000000009077090006612500000000000000000000000010002100070465303201300000000002            2  01704653032025032000000001042790000000001N040320000000000000000000000000000000000000000000000000000000000000000100070465320953SIDNEY CARASKI                          RUA DR.CELSO PACHECO BENTIM - 502 - PARQ            03571020                                                            000029
2SR. CAIXA, APOS O VENCIMENTO COBRAR 10% DE MULTA                                NAO RECEBER APOS 30 DIAS DO VENCIMENTO.                                                                                                                                                                                                         04032000000000000000403200000000000000       0090770900066125704653032013000030
100000000000000000000009077090006612500000000000000000000000010002100075759403201900000000002            2  01757594032025032000000002725620000000001N040320000000000000000000000000000000000000000000000000000000000000000100075759446800VALTER MUTAFEI                          RUA MONTE CASTELO - 295 AP.54 - AVIACAO             11702720                                                            000032
2SR. CAIXA, APOS O VENCIMENTO COBRAR 10% DE MULTA                                NAO RECEBER APOS 30 DIAS DO VENCIMENTO.                                                                                                                                                                                                         04032000000000000000403200000000000000       0090770900066125757594032019000033
100000000000000000000009077090006612500000000000000000000000010002100023132603201200000000002            2  01231326032025032000000002115280000000001N040320000000000000000000000000000000000000000000000000000000000000000100023132672882LEANDRO MORENO                          RUA MONTE CASTELO - 296 AP.64 - AVIACAO             11702720                                                            000035
2SR. CAIXA, APOS O VENCIMENTO COBRAR 10% DE MULTA                                NAO RECEBER APOS 30 DIAS DO VENCIMENTO.                                                                                                                                                                                                         04032000000000000000403200000000000000       0090770900066125231326032012000036
100000000000000000000009077090006612500000000000000000000000010002100099264603201100000000002            2  01992646032025032000000003607430000000001N040320000000000000000000000000000000000000000000000000000000000000000100099264692800LEONTINO PINHEIRO DA SILVA              AVENIDA JOAO BATISTA FITIPALDI - 469 - V            08685000                                                            000038
2SR. CAIXA, APOS O VENCIMENTO COBRAR 10% DE MULTA                                NAO RECEBER APOS 30 DIAS DO VENCIMENTO.                                                                                                                                                                                                         04032000000000000000403200000000000000       0090770900066125992646032011000039
100000000000000000000009077090006612500000000000000000000000010002100000666303201200000000002            2  01006663032025032000000003480170000000001N040320000000000000000000000000000000000000000000000000000000000000000100000666344825LUIZ HENRIQUE DE CAMPOS                 RUA JOAO CARLOS CAVALCANTI REIS - 21 - J            02281206                                                            000041
2SR. CAIXA, APOS O VENCIMENTO COBRAR 10% DE MULTA                                NAO RECEBER APOS 30 DIAS DO VENCIMENTO.                                                                                                                                                                                                         04032000000000000000403200000000000000       0090770900066125006663032012000042
100000000000000000000009077090006612500000000000000000000000010002100029155003201200000000002            2  01291550032025032000000003675190000000001N040320000000000000000000000000000000000000000000000000000000000000000100029155026842DANIELA YOSHIDA                         RUA MONTE CASTELO - 262 AP.34 - AVIACAO             11702720                                                            000044
2SR. CAIXA, APOS O VENCIMENTO COBRAR 10% DE MULTA                                NAO RECEBER APOS 30 DIAS DO VENCIMENTO.                                                                                                                                                                                                         04032000000000000000403200000000000000       0090770900066125291550032012000045
100000000000000000000009077090006612500000000000000000000000010002100001204403201600000000002            2  01012044032025032000000002992940000000001N040320000000000000000000000000000000000000000000000000000000000000000100001204431809CEZAR TALAVERA JUNIOR                   RUA MAESTRO ARTURO DE ANGELIS  - 190 AP.            05139010                                                            000047
2SR. CAIXA, APOS O VENCIMENTO COBRAR 10% DE MULTA                                NAO RECEBER APOS 30 DIAS DO VENCIMENTO.                                                                                                                                                                                                         04032000000000000000403200000000000000       0090770900066125012044032016000048
100000000000000000000009077090006612500000000000000000000000010002100004227503201500000000002            2  01042275032025032000000003879730000000001N040320000000000000000000000000000000000000000000000000000000000000000100004227553970ALESSANDRO ISRAEL GOULART               RUA PROFESSORA CARLINDA RIBEIRO - 21 - F            02866200                                                            000050
2SR. CAIXA, APOS O VENCIMENTO COBRAR 10% DE MULTA                                NAO RECEBER APOS 30 DIAS DO VENCIMENTO.                                                                                                                                                                                                         04032000000000000000403200000000000000       0090770900066125042275032015000051
100000000000000000000009077090006612500000000000000000000000010002100060811403201900000000002            2  01608114032025032000000003575610000000001N040320000000000000000000000000000000000000000000000000000000000000000100060811420868HELIO BASSI                             AV.PARIS,575 - PRACA ANTONIO FIGUEROA -             11700082                                                            000053
2SR. CAIXA, APOS O VENCIMENTO COBRAR 10% DE MULTA                                NAO RECEBER APOS 30 DIAS DO VENCIMENTO.                                                                                                                                                                                                         04032000000000000000403200000000000000       0090770900066125608114032019000054
100000000000000000000009077090006612500000000000000000000000010002100001024703201900000000002            2  01010247032025032000000003383490000000001N040320000000000000000000000000000000000000000000000000000000000000000100001024794881CLAUDIO RODRIGUES                       RUA ARACATUBA - 242 - LAPA - SAO PAULO -            05058010                                                            000056
2SR. CAIXA, APOS O VENCIMENTO COBRAR 10% DE MULTA                                NAO RECEBER APOS 30 DIAS DO VENCIMENTO.                                                                                                                                                                                                         04032000000000000000403200000000000000       0090770900066125010247032019000057
100000000000000000000009077090006612500000000000000000000000010002100022037503201800000000002            2  01220375032025032000000003609820000000001N040320000000000000000000000000000000000000000000000000000000000000000100022037552882ANDREIA CRISTINA FERNANDES DANTAS       PCA CASTRO ALVES - 163 AP.33 - VILA SAO             13224299                                                            000059
2SR. CAIXA, APOS O VENCIMENTO COBRAR 10% DE MULTA                                NAO RECEBER APOS 30 DIAS DO VENCIMENTO.                                                                                                                                                                                                         04032000000000000000403200000000000000       0090770900066125220375032018000060
100000000000000000000009077090006612500000000000000000000000010002100019288703201600000000002            2  01192887032025032000000002939200000000001N040320000000000000000000000000000000000000000000000000000000000000000100019288787844EMERSON LUIZ MARTINEZ PEREIRA           RUA MONTE CASTELO - 296 AP.74 - AVIACAO             11702720                                                            000062
2SR. CAIXA, APOS O VENCIMENTO COBRAR 10% DE MULTA                                NAO RECEBER APOS 30 DIAS DO VENCIMENTO.                                                                                                                                                                                                         04032000000000000000403200000000000000       0090770900066125192887032016000063
100000000000000000000009077090006612500000000000000000000000010002100027198403201P00000000002            2  01271984032025032000000002489660000000001N040320000000000000000000000000000000000000000000000000000000000000000100027198452809CRISTIANE AURELIANO DA SILVA MAIA       RUA MONTE CASTELO - 262 AP.25 - AVIACAO             11702720                                                            000065
2SR. CAIXA, APOS O VENCIMENTO COBRAR 10% DE MULTA                                NAO RECEBER APOS 30 DIAS DO VENCIMENTO.                                                                                                                                                                                                         04032000000000000000403200000000000000       009077090006612527198403201P000066
100000000000000000000009077090006612500000000000000000000000010002100021246203201300000000002            2  01212462032025032000000003038400000000001N040320000000000000000000000000000000000000000000000000000000000000000100021246231840ALEXANDRO DA CUNHA MIGUES               RUA DULCE - 71  - VILA CARRAO - SAO PAUL            03427040                                                            000068
2SR. CAIXA, APOS O VENCIMENTO COBRAR 10% DE MULTA                                NAO RECEBER APOS 30 DIAS DO VENCIMENTO.                                                                                                                                                                                                         04032000000000000000403200000000000000       0090770900066125212462032013000069
100000000000000000000009077090006612500000000000000000000000010002100018470503201300000000002            2  01184705032025032000000004469920000000001N040320000000000000000000000000000000000000000000000000000000000000000100018470520881SILVANA ALVES DE OLIVEIRA               RUA MONTE CASTELO - 262 AP.91 - AVIACAO             11702720                                                            000071
2SR. CAIXA, APOS O VENCIMENTO COBRAR 10% DE MULTA                                NAO RECEBER APOS 30 DIAS DO VENCIMENTO.                                                                                                                                                                                                         04032000000000000000403200000000000000       0090770900066125184705032013000072
100000000000000000000009077090006612500000000000000000000000010002100009297503201300000000002            2  01092975032025032000000003111910000000001N040320000000000000000000000000000000000000000000000000000000000000000100009297523846MARCOS ROBERTO DE CASTRO FERREIRA       RUA MONTE CASTELO - 262 AP.105 - AVIACAO            11702720                                                            000074
2SR. CAIXA, APOS O VENCIMENTO COBRAR 10% DE MULTA                                NAO RECEBER APOS 30 DIAS DO VENCIMENTO.                                                                                                                                                                                                         04032000000000000000403200000000000000       0090770900066125092975032013000075
100000000000000000000009077090006612500000000000000000000000010002100001164103201200000000002            2  01011641032025032000000003856360000000001N040320000000000000000000000000000000000000000000000000000000000000000100001164158864DAVID BLEY LACERDA                      RUA CONEGO ARAUJO MARCONDES - 188 - BAIR            02550080                                                            000077
2SR. CAIXA, APOS O VENCIMENTO COBRAR 10% DE MULTA                                NAO RECEBER APOS 30 DIAS DO VENCIMENTO.                                                                                                                                                                                                         04032000000000000000403200000000000000       0090770900066125011641032012000078
100000000000000000000009077090006612500000000000000000000000010002100031498003201600000000002            2  01314980032025032000000004686850000000001N040320000000000000000000000000000000000000000000000000000000000000000100031498008895POLIANE  SIBELE DA SILVA                PRACA GENERAL COSTA BARRETO - 56 AP.181             03325070                                                            000080
2SR. CAIXA, APOS O VENCIMENTO COBRAR 10% DE MULTA                                NAO RECEBER APOS 30 DIAS DO VENCIMENTO.                                                                                                                                                                                                         04032000000000000000403200000000000000       0090770900066125314980032016000081
100000000000000000000009077090006612500000000000000000000000010002100000588103201P00000000002            2  01005881032025032000000002748940000000001N040320000000000000000000000000000000000000000000000000000000000000000100000588109860JOSE LIARTE GIANTE                      AVENIDA LUIZ GONZAGA DO AMARAL - 143 - J            09320630                                                            000083
2SR. CAIXA, APOS O VENCIMENTO COBRAR 10% DE MULTA                                NAO RECEBER APOS 30 DIAS DO VENCIMENTO.                                                                                                                                                                                                         04032000000000000000403200000000000000       009077090006612500588103201P000084
100000000000000000000009077090006612500000000000000000000000010002100014386803201200000000002            2  01143868032025032000000002199020000000001N040320000000000000000000000000000000000000000000000000000000000000000100014386860134SEVERINO CARLOS DE OLIVEIRA             RUA MONTE CASTELO - 262 AP.54 - AVIACAO             11702720                                                            000086
2SR. CAIXA, APOS O VENCIMENTO COBRAR 10% DE MULTA                                NAO RECEBER APOS 30 DIAS DO VENCIMENTO.                                                                                                                                                                                                         04032000000000000000403200000000000000       0090770900066125143868032012000087
100000000000000000000009077090006612500000000000000000000000010002100039393703201800000000002            2  01393937032025032000000001515580000000001N040320000000000000000000000000000000000000000000000000000000000000000100039393790850NAIRON RICARDO DE ARAUJO SANTOS         RUA NITEROI - 267 CASA 04 - JARDIM INDEP            11380350                                                            000089
2SR. CAIXA, APOS O VENCIMENTO COBRAR 10% DE MULTA                                NAO RECEBER APOS 30 DIAS DO VENCIMENTO.                                                                                                                                                                                                         04032000000000000000403200000000000000       0090770900066125393937032018000090
100000000000000000000009077090006612500000000000000000000000010002100041896803201900000000002            2  01418968032025032000000002207200000000001N040320000000000000000000000000000000000000000000000000000000000000000100041896807968SERGIO ROBERTO DA SILVA                 RUA DOS INGLESES - 542 AP.61 - MORRO DOS            01329000                                                            000092
2SR. CAIXA, APOS O VENCIMENTO COBRAR 10% DE MULTA                                NAO RECEBER APOS 30 DIAS DO VENCIMENTO.                                                                                                                                                                                                         04032000000000000000403200000000000000       0090770900066125418968032019000093
9                                                                                                                                                                                                                                                                                                                                                                                                         000094