01REMESSA01COBRANCA       00000000000005331186HB SANTOS CONSTRUTORA E INCORP237BRADESCO       010421        MX0000022                                                                                                                                                                                                                                                                                     000001
100000000000000000000009033990000995400000000000000000000000010002020005723204211100000000002            2  01057232042123042100000002627960000000001N010421000000000000000000000000000000000000000000000000000000000000000100005723255843FRANCISCO DE ASSIS DA SILVA             PRACA NICOLAU GERAIGIRE - 25 VISOR - JAR            11095110                                                            000002
2SR. CAIXA, APOS O VENCIMENTO COBRAR 2% DE MULTA                                 NAO RECEBER APOS 30 DIAS DO VENCIMENTO.                                                                                                                                                                                                         01042100000000000000104210000000000000       0090339900009954057232042111000003
100000000000000000000009033990000995400000000000000000000000010002020004928104211600000000002            2  01049281042123042100000002569950000000001N010421000000000000000000000000000000000000000000000000000000000000000100004928157800ADEMIR APARECIDO ANTUNES                RUA JAIME TAVEIRA - 91 AP.056 B - CHACAR            03732060                                                            000005
2SR. CAIXA, APOS O VENCIMENTO COBRAR 2% DE MULTA                                 NAO RECEBER APOS 30 DIAS DO VENCIMENTO.                                                                                                                                                                                                         01042100000000000000104210000000000000       0090339900009954049281042116000006
100000000000000000000009033990000995400000000000000000000000010002020011238004211300000000002            2  01112380042123042100000002536620000000001N010421000000000000000000000000000000000000000000000000000000000000000100011238052886SOLANGE DIAS DE SOUZA ROMANO            AVENIDA DR. ALTINO ARANTES - 865 AP.132             04042034                                                            000008
2SR. CAIXA, APOS O VENCIMENTO COBRAR 2% DE MULTA                                 NAO RECEBER APOS 30 DIAS DO VENCIMENTO.                                                                                                                                                                                                         01042100000000000000104210000000000000       0090339900009954112380042113000009
100000000000000000000009033990000995400000000000000000000000010002020032589104211500000000002            2  01325891042123042100000002486620000000001N010421000000000000000000000000000000000000000000000000000000000000000100032589165862RENATA ISABEL MARTINS SILVA             RUA HERCULANO DE FREITAS - 257 - FUNDACA            09520280                                                            000011
2SR. CAIXA, APOS O VENCIMENTO COBRAR 2% DE MULTA                                 NAO RECEBER APOS 30 DIAS DO VENCIMENTO.                                                                                                                                                                                                         01042100000000000000104210000000000000       0090339900009954325891042115000012
100000000000000000000009033990000995400000000000000000000000010002020088339304211900000000002            2  01883393042123042100000002513560000000001N010421000000000000000000000000000000000000000000000000000000000000000100088339319868MARCIA SIQUEIRA MELLO                   RUA ADELINO ALVES - 81 - SANTO AMARO - S            04710120                                                            000014
2SR. CAIXA, APOS O VENCIMENTO COBRAR 2% DE MULTA                                 NAO RECEBER APOS 30 DIAS DO VENCIMENTO.                                                                                                                                                                                                         01042100000000000000104210000000000000       0090339900009954883393042119000015
100000000000000000000009033990000995400000000000000000000000010002020088339304212700000000002            2  01883393042123042100000002513550000000001N010421000000000000000000000000000000000000000000000000000000000000000100088339319868MARCIA SIQUEIRA MELLO                   RUA ADELINO ALVES - 81 - SANTO AMARO - S            04710120                                                            000017
2SR. CAIXA, APOS O VENCIMENTO COBRAR 2% DE MULTA                                 NAO RECEBER APOS 30 DIAS DO VENCIMENTO.                                                                                                                                                                                                         01042100000000000000104210000000000000       0090339900009954883393042127000018
100000000000000000000009033990000995400000000000000000000000010002020046391204211400000000002            2  01463912042123042100000002607460000000001N010421000000000000000000000000000000000000000000000000000000000000000100046391265810PAMELLA RODRIGUES DE OLIVEIRA           RUA AUGUSTA - 183 AP.301 BL.2A - VILA AU            07025130                                                            000020
2SR. CAIXA, APOS O VENCIMENTO COBRAR 2% DE MULTA                                 NAO RECEBER APOS 30 DIAS DO VENCIMENTO.                                                                                                                                                                                                         01042100000000000000104210000000000000       0090339900009954463912042114000021
100000000000000000000009033990000995400000000000000000000000010002020027964504211200000000002            2  01279645042123042100000001590790000000001N010421000000000000000000000000000000000000000000000000000000000000000100027964512838FABIO TADEU DE CAMPOS RADZIAVICIUS      AV.PROF.LUIZ IGNACIO ANHAIA MELLO - 2.58            03154100                                                            000023
2SR. CAIXA, APOS O VENCIMENTO COBRAR 2% DE MULTA                                 NAO RECEBER APOS 30 DIAS DO VENCIMENTO.                                                                                                                                                                                                         01042100000000000000104210000000000000       0090339900009954279645042112000024
100000000000000000000009033990000995400000000000000000000000010002020011498304211000000000002            2  01114983042123042100000001941050000000001N010421000000000000000000000000000000000000000000000000000000000000000100011498329837GERSON GERALDO DAS NEVES                RUA DOMINGOS DELGADO - 144 - VILA SOUZA             02881070                                                            000026
2SR. CAIXA, APOS O VENCIMENTO COBRAR 2% DE MULTA                                 NAO RECEBER APOS 30 DIAS DO VENCIMENTO.                                                                                                                                                                                                         01042100000000000000104210000000000000       0090339900009954114983042110000027
100000000000000000000009033990000995400000000000000000000000010002020068875604211900000000002            2  01688756042123042100000002574130000000001N010421000000000000000000000000000000000000000000000000000000000000000100068875673691ILDETE BATISTA NEIVA GOLFAR             RUA MARECHAL MAURICIO JOSE CARDOSO - 230            11700140                                                            000029
2SR. CAIXA, APOS O VENCIMENTO COBRAR 2% DE MULTA                                 NAO RECEBER APOS 30 DIAS DO VENCIMENTO.                                                                                                                                                                                                         01042100000000000000104210000000000000       0090339900009954688756042119000030
100000000000000000000009033990000995400000000000000000000000010002020000884204211200000000002            2  01008842042123042100000002364260000000001N010421000000000000000000000000000000000000000000000000000000000000000100000884239802ADEMIR MARTINS                          RUA MARECHAL HERMES - 417 AP.52 - BAIRRO            09090230                                                            000032
2SR. CAIXA, APOS O VENCIMENTO COBRAR 2% DE MULTA                                 NAO RECEBER APOS 30 DIAS DO VENCIMENTO.                                                                                                                                                                                                         01042100000000000000104210000000000000       0090339900009954008842042112000033
100000000000000000000009033990000995400000000000000000000000010002020025214404211700000000002            2  01252144042123042100000002297600000000001N010421000000000000000000000000000000000000000000000000000000000000000100025214401833JOSE MAURICIO DOS SANTOS RODRIGUES      RUA JOAO DE MACEDO RIBEIRO - 49 - VILA N            08111101                                                            000035
2SR. CAIXA, APOS O VENCIMENTO COBRAR 2% DE MULTA                                 NAO RECEBER APOS 30 DIAS DO VENCIMENTO.                                                                                                                                                                                                         01042100000000000000104210000000000000       0090339900009954252144042117000036
100000000000000000000009033990000995400000000000000000000000010002020033119104211400000000002            2  01331191042123042100000002307330000000001N010421000000000000000000000000000000000000000000000000000000000000000100033119178802HUGO GOMES VENDRAME                     RUA SAO PAULO - 60 CASA 01 - VILA FREITA            06380110                                                            000038
2SR. CAIXA, APOS O VENCIMENTO COBRAR 2% DE MULTA                                 NAO RECEBER APOS 30 DIAS DO VENCIMENTO.                                                                                                                                                                                                         01042100000000000000104210000000000000       0090339900009954331191042114000039
100000000000000000000009033990000995400000000000000000000000010002020016631504211700000000002            2  01166315042123042100000002347590000000001N010421000000000000000000000000000000000000000000000000000000000000000100016631587468GILBERTO BEZERRA DA SILVA               AVENIDA JAIME TORRES - 745 CASA 3 - JARD            03670000                                                            000041
2SR. CAIXA, APOS O VENCIMENTO COBRAR 2% DE MULTA                                 NAO RECEBER APOS 30 DIAS DO VENCIMENTO.                                                                                                                                                                                                         01042100000000000000104210000000000000       0090339900009954166315042117000042
100000000000000000000009033990000995400000000000000000000000010002020007313204211P00000000002            2  01073132042123042100000002330920000000001N010421000000000000000000000000000000000000000000000000000000000000000100007313251840SALVADOR GESUALDO PULVIRENTI            AVENIDA MARARI - 641 - VILA MARARI - SAO            04402010                                                            000044
2SR. CAIXA, APOS O VENCIMENTO COBRAR 2% DE MULTA                                 NAO RECEBER APOS 30 DIAS DO VENCIMENTO.                                                                                                                                                                                                         01042100000000000000104210000000000000       009033990000995407313204211P000045
100000000000000000000009033990000995400000000000000000000000010002020010676704211100000000002            2  01106767042123042100000002432930000000001N010421000000000000000000000000000000000000000000000000000000000000000100010676723896MERCEDES CRISTINA ROCHA SANDOVAL        RUA ITARARE - 446 AP.806 - JARDIM GUILHE            11701620                                                            000047
2SR. CAIXA, APOS O VENCIMENTO COBRAR 2% DE MULTA                                 NAO RECEBER APOS 30 DIAS DO VENCIMENTO.                                                                                                                                                                                                         01042100000000000000104210000000000000       0090339900009954106767042111000048
100000000000000000000009033990000995400000000000000000000000010002020009502804211P00000000002            2  01095028042123042100000002540790000000001N010421000000000000000000000000000000000000000000000000000000000000000100009502844831CLAUDIA ROCHA SANDOVAL                  RUA ABAETE - 29.153 - VILA TUPI - PRAIA             11703490                                                            000050
2SR. CAIXA, APOS O VENCIMENTO COBRAR 2% DE MULTA                                 NAO RECEBER APOS 30 DIAS DO VENCIMENTO.                                                                                                                                                                                                         01042100000000000000104210000000000000       009033990000995409502804211P000051
100000000000000000000009033990000995400000000000000000000000010002020007594204211900000000002            2  01075942042123042100000002280930000000001N010421000000000000000000000000000000000000000000000000000000000000000100007594247809JOSE LUIS DE OLIVEIRA                   DONA EGLANTINA PENTEADO DA SILVA PRADO -            13044162                                                            000053
2SR. CAIXA, APOS O VENCIMENTO COBRAR 2% DE MULTA                                 NAO RECEBER APOS 30 DIAS DO VENCIMENTO.                                                                                                                                                                                                         01042100000000000000104210000000000000       0090339900009954075942042119000054
100000000000000000000009033990000995400000000000000000000000010002020005288704211200000000002            2  01052887042123042100000002349600000000001N010421000000000000000000000000000000000000000000000000000000000000000100005288796858MARCELO RODRIGUES FERREIRA              RUA MARCOS ANTONIO MARQUES - 302 - JARDI            06433020                                                            000056
2SR. CAIXA, APOS O VENCIMENTO COBRAR 2% DE MULTA                                 NAO RECEBER APOS 30 DIAS DO VENCIMENTO.                                                                                                                                                                                                         01042100000000000000104210000000000000       0090339900009954052887042112000057
100000000000000000000009033990000995400000000000000000000000010002020015835904211100000000002            2  01158359042123042100000002446770000000001N010421000000000000000000000000000000000000000000000000000000000000000100015835992823FLAVIO VERONEZ                          RUA ANDREA PAULINETTI - 127 AP.42 - BAIR            04707050                                                            000059
2SR. CAIXA, APOS O VENCIMENTO COBRAR 2% DE MULTA                                 NAO RECEBER APOS 30 DIAS DO VENCIMENTO.                                                                                                                                                                                                         01042100000000000000104210000000000000       0090339900009954158359042111000060
100000000000000000000009033990000995400000000000000000000000010002020000438104211P00000000002            2  01004381042123042100000002761740000000001N010421000000000000000000000000000000000000000000000000000000000000000100000438161858WAGNECY VILLA NOVA LIEN                 MACHADO - 106 - VILA AUGUSTA - GUARULHOS            07025210                                                            000062
2SR. CAIXA, APOS O VENCIMENTO COBRAR 2% DE MULTA                                 NAO RECEBER APOS 30 DIAS DO VENCIMENTO.                                                                                                                                                                                                         01042100000000000000104210000000000000       009033990000995400438104211P000063
9                                                                                                                                                                                                                                                                                                                                                                                                         000064