01REMESSA01COBRANCA       00000000000005316116AIRES CONSTRUTORA E INCORPORAD237BRADESCO       071222        MX0000208                                                                                                                                                                                                                                                                                     000001
100000000000000000000009002800441612000000000000000000000000010002100001204412221P00000000002            2  01012044122225122200000003587200000000001N061222000000000000000000000000000000000000000000000000000000000000000100001204431809CEZAR TALAVERA JUNIOR                   RUA MAESTRO ARTURO DE ANGELIS  - 190 AP.            05139010                                                            000002
2SR. CAIXA, APOS O VENCIMENTO COBRAR 10% DE MULTA                                NAO RECEBER APOS 30 DIAS DO VENCIMENTO.                                                                                                                                                                                                         07122200000000000000712220000000000000       009002800441612001204412221P000003
100000000000000000000009002800441612000000000000000000000000010002100002225012221300000000002            2  01022250122225122200000006217290000000001N061222000000000000000000000000000000000000000000000000000000000000000100002225072841PEDRO EDUARDO DE AZEVEDO                RUA NATH ZILMAN - 46 - JARDIM SAMAMBAIA             07623085                                                            000005
2SR. CAIXA, APOS O VENCIMENTO COBRAR 10% DE MULTA                                NAO RECEBER APOS 30 DIAS DO VENCIMENTO.                                                                                                                                                                                                         07122200000000000000712220000000000000       0090028004416120022250122213000006
100000000000000000000009002800441612000000000000000000000000010002100027198412221300000000002            2  01271984122225122200000012004800000000001N061222000000000000000000000000000000000000000000000000000000000000000100027198452809CRISTIANE AURELIANO DA SILVA MAIA       RUA MONTE CASTELO - 262 AP.25 - AVIACAO             11702720                                                            000008
2SR. CAIXA, APOS O VENCIMENTO COBRAR 10% DE MULTA                                NAO RECEBER APOS 30 DIAS DO VENCIMENTO.                                                                                                                                                                                                         07122200000000000000712220000000000000       0090028004416120271984122213000009
100000000000000000000009002800441612000000000000000000000000010002100027198412222100000000002            2  01271984122225122200000002983980000000001N061222000000000000000000000000000000000000000000000000000000000000000100027198452809CRISTIANE AURELIANO DA SILVA MAIA       RUA MONTE CASTELO - 262 AP.25 - AVIACAO             11702720                                                            000011
2SR. CAIXA, APOS O VENCIMENTO COBRAR 10% DE MULTA                                NAO RECEBER APOS 30 DIAS DO VENCIMENTO.                                                                                                                                                                                                         07122200000000000000712220000000000000       0090028004416120271984122221000012
100000000000000000000009002800441612000000000000000000000000010002100021246212221700000000002            2  01212462122225122200000003641690000000001N061222000000000000000000000000000000000000000000000000000000000000000100021246231840ALEXANDRO DA CUNHA MIGUES               RUA DULCE - 71  - VILA CARRAO - SAO PAUL            03427040                                                            000014
2SR. CAIXA, APOS O VENCIMENTO COBRAR 10% DE MULTA                                NAO RECEBER APOS 30 DIAS DO VENCIMENTO.                                                                                                                                                                                                         07122200000000000000712220000000000000       0090028004416120212462122217000015
100000000000000000000009002800441612000000000000000000000000010002100018470512221700000000002            2  01184705122225122200000005357460000000001N061222000000000000000000000000000000000000000000000000000000000000000100018470520881SILVANA ALVES DE OLIVEIRA               RUA MONTE CASTELO - 262 AP.91 - AVIACAO             11702720                                                            000017
2SR. CAIXA, APOS O VENCIMENTO COBRAR 10% DE MULTA                                NAO RECEBER APOS 30 DIAS DO VENCIMENTO.                                                                                                                                                                                                         07122200000000000000712220000000000000       0090028004416120184705122217000018
100000000000000000000009002800441612000000000000000000000000010002100009297512221700000000002            2  01092975122225122200000003729790000000001N061222000000000000000000000000000000000000000000000000000000000000000100009297523846MARCOS ROBERTO DE CASTRO FERREIRA       RUA MONTE CASTELO - 262 AP.105 - AVIACAO            11702720                                                            000020
2SR. CAIXA, APOS O VENCIMENTO COBRAR 10% DE MULTA                                NAO RECEBER APOS 30 DIAS DO VENCIMENTO.                                                                                                                                                                                                         07122200000000000000712220000000000000       0090028004416120092975122217000021
100000000000000000000009002800441612000000000000000000000000010002100001164112221600000000002            2  01011641122225122200000004622060000000001N061222000000000000000000000000000000000000000000000000000000000000000100001164158864DAVID BLEY LACERDA                      RUA CONEGO ARAUJO MARCONDES - 188 - BAIR            02550080                                                            000023
2SR. CAIXA, APOS O VENCIMENTO COBRAR 10% DE MULTA                                NAO RECEBER APOS 30 DIAS DO VENCIMENTO.                                                                                                                                                                                                         07122200000000000000712220000000000000       0090028004416120011641122216000024
100000000000000000000009002800441612000000000000000000000000010002100031498012221P00000000002            2  01314980122225122200000005617460000000001N061222000000000000000000000000000000000000000000000000000000000000000100031498008895POLIANE  SIBELE DA SILVA                PRACA GENERAL COSTA BARRETO - 56 AP.181             03325070                                                            000026
2SR. CAIXA, APOS O VENCIMENTO COBRAR 10% DE MULTA                                NAO RECEBER APOS 30 DIAS DO VENCIMENTO.                                                                                                                                                                                                         07122200000000000000712220000000000000       009002800441612031498012221P000027
100000000000000000000009002800441612000000000000000000000000010002100014386812221600000000002            2  01143868122225122200000002635670000000001N061222000000000000000000000000000000000000000000000000000000000000000100014386860134SEVERINO CARLOS DE OLIVEIRA             RUA MONTE CASTELO - 262 AP.54 - AVIACAO             11702720                                                            000029
2SR. CAIXA, APOS O VENCIMENTO COBRAR 10% DE MULTA                                NAO RECEBER APOS 30 DIAS DO VENCIMENTO.                                                                                                                                                                                                         07122200000000000000712220000000000000       0090028004416120143868122216000030
100000000000000000000009002800441612000000000000000000000000010002100039393712221100000000002            2  01393937122225122200000001816570000000001N061222000000000000000000000000000000000000000000000000000000000000000100039393790850NAIRON RICARDO DE ARAUJO SANTOS         RUA NITEROI - 267 CASA 04 - JARDIM INDEP            11380350                                                            000032
2SR. CAIXA, APOS O VENCIMENTO COBRAR 10% DE MULTA                                NAO RECEBER APOS 30 DIAS DO VENCIMENTO.                                                                                                                                                                                                         07122200000000000000712220000000000000       0090028004416120393937122211000033
100000000000000000000009002800441612000000000000000000000000010002100019288712221P00000000002            2  01192887122225122200000002446390000000001N061222000000000000000000000000000000000000000000000000000000000000000100019288787844EMERSON LUIZ MARTINEZ PEREIRA           RUA MONTE CASTELO - 296 AP.74 - AVIACAO             11702720                                                            000035
2SR. CAIXA, APOS O VENCIMENTO COBRAR 10% DE MULTA                                NAO RECEBER APOS 30 DIAS DO VENCIMENTO.                                                                                                                                                                                                         07122200000000000000712220000000000000       009002800441612019288712221P000036
9                                                                                                                                                                                                                                                                                                                                                                                                         000037