01REMESSA01COBRANCA       00000000000004991454AIRES CONSTRUTORA E INCORPORAD237BRADESCO       010918        MX0000080                                                                                                                                                                                                                                                                                     000001
100000000000000000000009077090001674800000000000000000000000010002100094852209181900000000002            2  01948522091810091800000002236190000000001N010918000000000000000000000000000000000000000000000000000000000000000100094852294887GISELDA MENON                           RUA OTAVIO BARRETO - 105 - VILA SANTISTA            02560080                                                            000002
2SR. CAIXA, APOS O VENCIMENTO COBRAR 10% DE MULTA                                NAO RECEBER APOS 30 DIAS DO VENCIMENTO.                                                                                                                                                                                                         01091800000000000000109180000000000000       0090770900016748948522091819000003
100000000000000000000009077090001674800000000000000000000000010002100006485909181500000000002            2  01064859091810091800000003429590000000001N010918000000000000000000000000000000000000000000000000000000000000000100006485911820CELIO MANUEL  MELIM SANTO               RUA JUVENAL FERREIRA  - 85 AP.61 - VILA             03512040                                                            000005
2SR. CAIXA, APOS O VENCIMENTO COBRAR 10% DE MULTA                                NAO RECEBER APOS 30 DIAS DO VENCIMENTO.                                                                                                                                                                                                         01091800000000000000109180000000000000       0090770900016748064859091815000006
100000000000000000000009077090001674800000000000000000000000010002100004693809181400000000002            2  01046938091810091800000002989140000000001N010918000000000000000000000000000000000000000000000000000000000000000100004693857823NIVALDO BARTOLOMEU FERREIRA             MNS JOSE MARINONI  - 33 - SANTO AMARO -             04430350                                                            000008
2SR. CAIXA, APOS O VENCIMENTO COBRAR 10% DE MULTA                                NAO RECEBER APOS 30 DIAS DO VENCIMENTO.                                                                                                                                                                                                         01091800000000000000109180000000000000       0090770900016748046938091814000009
100000000000000000000009077090001674800000000000000000000000010002100027993109181300000000002            2  01279931091810091800000002846330000000001N010918000000000000000000000000000000000000000000000000000000000000000100027993108853DALVA JESUS RODRIGUES CABRAL            RUA CRISTOVAO COLOMBO GONCALVES - 97 - C            04811050                                                            000011
2SR. CAIXA, APOS O VENCIMENTO COBRAR 10% DE MULTA                                NAO RECEBER APOS 30 DIAS DO VENCIMENTO.                                                                                                                                                                                                         01091800000000000000109180000000000000       0090770900016748279931091813000012
100000000000000000000009077090001674800000000000000000000000010002100000455409181200000000002            2  01004554091810091800000002956680000000001N010918000000000000000000000000000000000000000000000000000000000000000100000455495831PAULO HENRIQUE LOURENCO                 RUA FIGUEIRA  - 237 - CIDADE DAS FLORES             06184060                                                            000014
2SR. CAIXA, APOS O VENCIMENTO COBRAR 10% DE MULTA                                NAO RECEBER APOS 30 DIAS DO VENCIMENTO.                                                                                                                                                                                                         01091800000000000000109180000000000000       0090770900016748004554091812000015
100000000000000000000009077090001674800000000000000000000000010002100006140009181300000000002            2  01061400091810091800000003666690000000001N010918000000000000000000000000000000000000000000000000000000000000000100006140049857MARIA ALBANI DA SILVA EUSEBIO           RUA ORLANDO SEGALA - 108 - JARDIM ADRIAN            07135190                                                            000017
2SR. CAIXA, APOS O VENCIMENTO COBRAR 10% DE MULTA                                NAO RECEBER APOS 30 DIAS DO VENCIMENTO.                                                                                                                                                                                                         01091800000000000000109180000000000000       0090770900016748061400091813000018
100000000000000000000009077090001674800000000000000000000000010002100002324709181800000000002            2  01023247091810091800000003595600000000001N010918000000000000000000000000000000000000000000000000000000000000000100002324785897IZILDA NAPOLI                           RUA MONTE CASTELO - 295 AP.71 - AVIACAO             11702720                                                            000020
2SR. CAIXA, APOS O VENCIMENTO COBRAR 10% DE MULTA                                NAO RECEBER APOS 30 DIAS DO VENCIMENTO.                                                                                                                                                                                                         01091800000000000000109180000000000000       0090770900016748023247091818000021
100000000000000000000009077090001674800000000000000000000000010002100007768709181200000000002            2  01077687091810091800000003724750000000001N010918000000000000000000000000000000000000000000000000000000000000000100007768713826FATIMA LUZIA BIANCHI                    DR. OLIDAIR AMBROSIO - 1487 AP.03 - CENT            14160170                                                            000023
2SR. CAIXA, APOS O VENCIMENTO COBRAR 10% DE MULTA                                NAO RECEBER APOS 30 DIAS DO VENCIMENTO.                                                                                                                                                                                                         01091800000000000000109180000000000000       0090770900016748077687091812000024
100000000000000000000009077090001674800000000000000000000000010002100021716809181P00000000002            2  01217168091810091800000003669450000000001N010918000000000000000000000000000000000000000000000000000000000000000100021716847800DANIELLE FAGUNDES DE A.MATOS            CONDE MOREIRA LIMA - 644 - JARDIM JABAQU            04384032                                                            000026
2SR. CAIXA, APOS O VENCIMENTO COBRAR 10% DE MULTA                                NAO RECEBER APOS 30 DIAS DO VENCIMENTO.                                                                                                                                                                                                         01091800000000000000109180000000000000       009077090001674821716809181P000027
100000000000000000000009077090001674800000000000000000000000010002100085416909181300000000002            2  01854169091810091800000003110640000000001N010918000000000000000000000000000000000000000000000000000000000000000100085416940891ANTONIO DE SOUSA MENDES                 RUA MONTE CASTELO - 296 AP.52 - AVIACAO             11702720                                                            000029
2SR. CAIXA, APOS O VENCIMENTO COBRAR 10% DE MULTA                                NAO RECEBER APOS 30 DIAS DO VENCIMENTO.                                                                                                                                                                                                         01091800000000000000109180000000000000       0090770900016748854169091813000030
100000000000000000000009077090001674800000000000000000000000010002100005678009181700000000002            2  01056780091810091800000003239690000000001N010918000000000000000000000000000000000000000000000000000000000000000100005678057863FABIO MOREIRA CAMPOS                    RUA FLORENCIO DA SILVA - 284 - VILA LIBA            03738070                                                            000032
2SR. CAIXA, APOS O VENCIMENTO COBRAR 10% DE MULTA                                NAO RECEBER APOS 30 DIAS DO VENCIMENTO.                                                                                                                                                                                                         01091800000000000000109180000000000000       0090770900016748056780091817000033
100000000000000000000009077090001674800000000000000000000000010002100007784409181300000000002            2  01077844091810091800000003271320000000001N010918000000000000000000000000000000000000000000000000000000000000000100007784496885GUILHERME LEONARDO DO NASCIMENTO        COMENDADOR RUBENS RONCARE - 127 - PONTE             11530120                                                            000035
2SR. CAIXA, APOS O VENCIMENTO COBRAR 10% DE MULTA                                NAO RECEBER APOS 30 DIAS DO VENCIMENTO.                                                                                                                                                                                                         01091800000000000000109180000000000000       0090770900016748077844091813000036
100000000000000000000009077090001674800000000000000000000000010002100016348209181300000000002            2  01163482091810091800000003160560000000001N010918000000000000000000000000000000000000000000000000000000000000000100016348237885AILTON LORENA                           AVENIDA BRASILIA - 194 - BELA VISTA - SA            09180260                                                            000038
2SR. CAIXA, APOS O VENCIMENTO COBRAR 10% DE MULTA                                NAO RECEBER APOS 30 DIAS DO VENCIMENTO.                                                                                                                                                                                                         01091800000000000000109180000000000000       0090770900016748163482091813000039
100000000000000000000009077090001674800000000000000000000000010002100081218409181700000000002            2  01812184091810091800000003050340000000001N010918000000000000000000000000000000000000000000000000000000000000000100081218486953OSMAR DA COSTA                          RUA MONTE CASTELO - 295 AP.33 - AVIACAO             11702720                                                            000041
2SR. CAIXA, APOS O VENCIMENTO COBRAR 10% DE MULTA                                NAO RECEBER APOS 30 DIAS DO VENCIMENTO.                                                                                                                                                                                                         01091800000000000000109180000000000000       0090770900016748812184091817000042
100000000000000000000009077090001674800000000000000000000000010002100004981809181P00000000002            2  01049818091810091800000003464620000000001N010918000000000000000000000000000000000000000000000000000000000000000100004981884850SILVIO PAULINO GONCALVES                MARIA DE CASTRO MESQUITA - 84 AP.103 BLO            07110040                                                            000044
2SR. CAIXA, APOS O VENCIMENTO COBRAR 10% DE MULTA                                NAO RECEBER APOS 30 DIAS DO VENCIMENTO.                                                                                                                                                                                                         01091800000000000000109180000000000000       009077090001674804981809181P000045
100000000000000000000009077090001674800000000000000000000000010002100019282509181400000000002            2  01192825091810091800000002274180000000001N010918000000000000000000000000000000000000000000000000000000000000000100019282546837FABIO LEANDRO DE FREITAS ASSIS          RUA BASSIM NAGIB TRABULSI - 97 - PONTA D            11030540                                                            000047
2SR. CAIXA, APOS O VENCIMENTO COBRAR 10% DE MULTA                                NAO RECEBER APOS 30 DIAS DO VENCIMENTO.                                                                                                                                                                                                         01091800000000000000109180000000000000       0090770900016748192825091814000048
100000000000000000000009077090001674800000000000000000000000010002100008423409181800000000002            2  01084234091810091800000003160490000000001N010918000000000000000000000000000000000000000000000000000000000000000100008423485811EDSON LUIZ NUNES                        RUA NOEMIA PEDROSO BUENO - 41 - JARDIM G            09360440                                                            000050
2SR. CAIXA, APOS O VENCIMENTO COBRAR 10% DE MULTA                                NAO RECEBER APOS 30 DIAS DO VENCIMENTO.                                                                                                                                                                                                         01091800000000000000109180000000000000       0090770900016748084234091818000051
100000000000000000000009077090001674800000000000000000000000010002100003010509181700000000002            2  01030105091810091800000003657080000000001N010918000000000000000000000000000000000000000000000000000000000000000100003010502877GIZELA VIEIRA BARROS                    RUA GIACOMO DALCIN - 157 - MAUA - SAO CA            09580350                                                            000053
2SR. CAIXA, APOS O VENCIMENTO COBRAR 10% DE MULTA                                NAO RECEBER APOS 30 DIAS DO VENCIMENTO.                                                                                                                                                                                                         01091800000000000000109180000000000000       0090770900016748030105091817000054
100000000000000000000009077090001674800000000000000000000000010002100009777209181400000000002            2  01097772091810091800000002867300000000001N010918000000000000000000000000000000000000000000000000000000000000000100009777281889CARLITA DE FIGUEIREDO CARVALHO          AVENIDA ALBERTO DE ALMEIDA VINHAS - 4462            11701350                                                            000056
2SR. CAIXA, APOS O VENCIMENTO COBRAR 10% DE MULTA                                NAO RECEBER APOS 30 DIAS DO VENCIMENTO.                                                                                                                                                                                                         01091800000000000000109180000000000000       0090770900016748097772091814000057
100000000000000000000009077090001674800000000000000000000000010002100004213009181100000000002            2  01042130091810091800000003405160000000001N010918000000000000000000000000000000000000000000000000000000000000000100004213020894ELIETE DRUGOVICH DE LIMA                RUA OSVALDO CRUZ - 141 AP.144-B - SANTA             09541270                                                            000059
2SR. CAIXA, APOS O VENCIMENTO COBRAR 10% DE MULTA                                NAO RECEBER APOS 30 DIAS DO VENCIMENTO.                                                                                                                                                                                                         01091800000000000000109180000000000000       0090770900016748042130091811000060
100000000000000000000009077090001674800000000000000000000000010002100085839809181400000000002            2  01858398091810091800000002598910000000001N010918000000000000000000000000000000000000000000000000000000000000000100085839817872MAURO CORREIA MARTINS                   RUA PROFESSOR JOSE AZEVEDO MINHOTO - 72             06114000                                                            000062
2SR. CAIXA, APOS O VENCIMENTO COBRAR 10% DE MULTA                                NAO RECEBER APOS 30 DIAS DO VENCIMENTO.                                                                                                                                                                                                         01091800000000000000109180000000000000       0090770900016748858398091814000063
100000000000000000000009077090001674800000000000000000000000010002100043122809181600000000002            2  01431228091810091800000002320950000000001N010918000000000000000000000000000000000000000000000000000000000000000100043122850800ANTONIO JOAQUIM GOES                    ANTONIO DOAS DA SILVA - 412 - VILA AMALI            02618110                                                            000065
2SR. CAIXA, APOS O VENCIMENTO COBRAR 10% DE MULTA                                NAO RECEBER APOS 30 DIAS DO VENCIMENTO.                                                                                                                                                                                                         01091800000000000000109180000000000000       0090770900016748431228091816000066
100000000000000000000009077090001674800000000000000000000000010002100003865709181200000000002            2  01038657091810091800000003047230000000001N010918000000000000000000000000000000000000000000000000000000000000000100003865776841FRANCISCO JOSE ROCCO                    RUA FABIO JOSE BEZERRA - 130 AP.86 - PAR            03805000                                                            000068
2SR. CAIXA, APOS O VENCIMENTO COBRAR 10% DE MULTA                                NAO RECEBER APOS 30 DIAS DO VENCIMENTO.                                                                                                                                                                                                         01091800000000000000109180000000000000       0090770900016748038657091812000069
100000000000000000000009077090001674800000000000000000000000010002100028309509181900000000002            2  01283095091810091800000002717440000000001N010918000000000000000000000000000000000000000000000000000000000000000100028309524803DEISE RIBEIRO BARBOSA                   RUA CANDIDO JOSE DE ANDRADE - 173 - ERME            03807030                                                            000071
2SR. CAIXA, APOS O VENCIMENTO COBRAR 10% DE MULTA                                NAO RECEBER APOS 30 DIAS DO VENCIMENTO.                                                                                                                                                                                                         01091800000000000000109180000000000000       0090770900016748283095091819000072
100000000000000000000009077090001674800000000000000000000000010002100011277909181900000000002            2  01112779091810091800000003225290000000001N010918000000000000000000000000000000000000000000000000000000000000000100011277908893JOSE AILTON LOPES DE AZEVEDO            RUA MAESTRO JOAO SEPE - 19 - JARDIM MARI            04181030                                                            000074
2SR. CAIXA, APOS O VENCIMENTO COBRAR 10% DE MULTA                                NAO RECEBER APOS 30 DIAS DO VENCIMENTO.                                                                                                                                                                                                         01091800000000000000109180000000000000       0090770900016748112779091819000075
100000000000000000000009077090001674800000000000000000000000010002100025215109181600000000002            2  01252151091810091800000002432280000000001N010918000000000000000000000000000000000000000000000000000000000000000100025215106886KLEBER LUIZ DOS SANTOS                  RUA MONTE CASTELO - 262 AP.15 - AVIACAO             11702720                                                            000077
2SR. CAIXA, APOS O VENCIMENTO COBRAR 10% DE MULTA                                NAO RECEBER APOS 30 DIAS DO VENCIMENTO.                                                                                                                                                                                                         01091800000000000000109180000000000000       0090770900016748252151091816000078
100000000000000000000009077090001674800000000000000000000000010002100090206709181300000000002            2  01902067091810091800000002716750000000001N010918000000000000000000000000000000000000000000000000000000000000000100090206789815NEREIDE RODRIGUES FERREIRA              AVENIDA PADRE ESTANISLAU DE CAMPOS - 205            03590060                                                            000080
2SR. CAIXA, APOS O VENCIMENTO COBRAR 10% DE MULTA                                NAO RECEBER APOS 30 DIAS DO VENCIMENTO.                                                                                                                                                                                                         01091800000000000000109180000000000000       0090770900016748902067091813000081
100000000000000000000009077090001674800000000000000000000000010002100029150709181100000000002            2  01291507091810091800000003180010000000001N010918000000000000000000000000000000000000000000000000000000000000000100029150742833ANA DEISE SANTOS DE ALMEIDA             RUA MONTE CASTELO - 296 AP.121 - AVIACAO            11702720                                                            000083
2SR. CAIXA, APOS O VENCIMENTO COBRAR 10% DE MULTA                                NAO RECEBER APOS 30 DIAS DO VENCIMENTO.                                                                                                                                                                                                         01091800000000000000109180000000000000       0090770900016748291507091811000084
100000000000000000000009077090001674800000000000000000000000010002100000811709181700000000002            2  01008117091810091800000002619320000000001N010918000000000000000000000000000000000000000000000000000000000000000100000811752801SERGIO BUENO DA SILVA                   RUA MONTE CASTELO - 262 AP.75 - AVIACAO             11702720                                                            000086
2SR. CAIXA, APOS O VENCIMENTO COBRAR 10% DE MULTA                                NAO RECEBER APOS 30 DIAS DO VENCIMENTO.                                                                                                                                                                                                         01091800000000000000109180000000000000       0090770900016748008117091817000087
100000000000000000000009077090001674800000000000000000000000010002100018344809181300000000002            2  01183448091810091800000003329710000000001N010918000000000000000000000000000000000000000000000000000000000000000100018344803888MARCELO BERNARDO                        RUA MONTE CASTELO - 262 AP.84 - AVIACAO             11702720                                                            000089
2SR. CAIXA, APOS O VENCIMENTO COBRAR 10% DE MULTA                                NAO RECEBER APOS 30 DIAS DO VENCIMENTO.                                                                                                                                                                                                         01091800000000000000109180000000000000       0090770900016748183448091813000090
100000000000000000000009077090001674800000000000000000000000010002100004004309181000000000002            2  01040043091810091800000004668170000000001N010918000000000000000000000000000000000000000000000000000000000000000100004004328896VANDERLEI  MARTINS DE ALMEIDA           RUA MONSENHOR TABOSA - 03 - PARQUE CISPE            03819300                                                            000092
2SR. CAIXA, APOS O VENCIMENTO COBRAR 10% DE MULTA                                NAO RECEBER APOS 30 DIAS DO VENCIMENTO.                                                                                                                                                                                                         01091800000000000000109180000000000000       0090770900016748040043091810000093
100000000000000000000009077090001674800000000000000000000000010002100005133009181500000000002            2  01051330091810091800000003188510000000001N010918000000000000000000000000000000000000000000000000000000000000000100005133053860VICENTE ARCIPRETE JUNIOR                RUA JOSE SIMOES FERREIRA FILHO - 80 - JA            06040090                                                            000095
2SR. CAIXA, APOS O VENCIMENTO COBRAR 10% DE MULTA                                NAO RECEBER APOS 30 DIAS DO VENCIMENTO.                                                                                                                                                                                                         01091800000000000000109180000000000000       0090770900016748051330091815000096
100000000000000000000009077090001674800000000000000000000000010002100056660209181P00000000002            2  01566602091810091800000000775530000000001N010918000000000000000000000000000000000000000000000000000000000000000100056660235868JOSE DA SILVA                           RUA MONTE CASTELO - 296 AP.32 - AVIACAO             11702720                                                            000098
2SR. CAIXA, APOS O VENCIMENTO COBRAR 10% DE MULTA                                NAO RECEBER APOS 30 DIAS DO VENCIMENTO.                                                                                                                                                                                                         01091800000000000000109180000000000000       009077090001674856660209181P000099
100000000000000000000009077090001674800000000000000000000000010002100016339409181100000000002            2  01163394091810091800000002816470000000001N010918000000000000000000000000000000000000000000000000000000000000000100016339432832ALEX MONTEIRO DA SILVA                  RUA IVA MOURA LIMA - 04 - JARDIM MIRNA I            04855540                                                            000101
2SR. CAIXA, APOS O VENCIMENTO COBRAR 10% DE MULTA                                NAO RECEBER APOS 30 DIAS DO VENCIMENTO.                                                                                                                                                                                                         01091800000000000000109180000000000000       0090770900016748163394091811000102
100000000000000000000009077090001674800000000000000000000000010002100031803809181900000000002            2  01318038091810091800000002876180000000001N010918000000000000000000000000000000000000000000000000000000000000000100031803864877ELEILSON FELIPPE SANTOS                 RUA SANTA GREGORIA - 193 - CIDADE DUTRA             04806030                                                            000104
2SR. CAIXA, APOS O VENCIMENTO COBRAR 10% DE MULTA                                NAO RECEBER APOS 30 DIAS DO VENCIMENTO.                                                                                                                                                                                                         01091800000000000000109180000000000000       0090770900016748318038091819000105
100000000000000000000009077090001674800000000000000000000000010002100026032609181700000000002            2  01260326091810091800000001979260000000001N010918000000000000000000000000000000000000000000000000000000000000000100026032632857MARILA LOPES PEREIRA                    AVENIDA LUIZ GISHOKEM - 1761 AP.13 BL.05            05831315                                                            000107
2SR. CAIXA, APOS O VENCIMENTO COBRAR 10% DE MULTA                                NAO RECEBER APOS 30 DIAS DO VENCIMENTO.                                                                                                                                                                                                         01091800000000000000109180000000000000       0090770900016748260326091817000108
100000000000000000000009077090001674800000000000000000000000010002100063064509181300000000002            2  01630645091810091800000003427490000000001N010918000000000000000000000000000000000000000000000000000000000000000100063064537849ANTONIO APARECIDO DA SILVA DESTEFANO    RUA PROFESSOR TEODORO BRAGA - 46 - VILA             02966020                                                            000110
2SR. CAIXA, APOS O VENCIMENTO COBRAR 10% DE MULTA                                NAO RECEBER APOS 30 DIAS DO VENCIMENTO.                                                                                                                                                                                                         01091800000000000000109180000000000000       0090770900016748630645091813000111
100000000000000000000009077090001674800000000000000000000000010002100010107709181900000000002            2  01101077091810091800000003284560000000001N010918000000000000000000000000000000000000000000000000000000000000000100010107711834VALDEMAR FECCHIO                        RUA DOUTOR MARTINS DE OLIVEIRA - 529 AP.            05638030                                                            000113
2SR. CAIXA, APOS O VENCIMENTO COBRAR 10% DE MULTA                                NAO RECEBER APOS 30 DIAS DO VENCIMENTO.                                                                                                                                                                                                         01091800000000000000109180000000000000       0090770900016748101077091819000114
100000000000000000000009077090001674800000000000000000000000010002100003330709181800000000002            2  01033307091810091800000004225390000000001N010918000000000000000000000000000000000000000000000000000000000000000100003330791837MARLI DA SILVA BARBOSA                  RUA GLICERIO CERQUEIRA LEITE - 151 - JAR            03675040                                                            000116
2SR. CAIXA, APOS O VENCIMENTO COBRAR 10% DE MULTA                                NAO RECEBER APOS 30 DIAS DO VENCIMENTO.                                                                                                                                                                                                         01091800000000000000109180000000000000       0090770900016748033307091818000117
100000000000000000000009077090001674800000000000000000000000010002100008931009181600000000002            2  01089310091810091800000001717570000000001N010918000000000000000000000000000000000000000000000000000000000000000100008931031874MARIA MARINHO DE OLIVEIRA               AVENIDA 9 DE JULHO - 1854 AP.81 - BELA V            01312001                                                            000119
2SR. CAIXA, APOS O VENCIMENTO COBRAR 10% DE MULTA                                NAO RECEBER APOS 30 DIAS DO VENCIMENTO.                                                                                                                                                                                                         01091800000000000000109180000000000000       0090770900016748089310091816000120
100000000000000000000009077090001674800000000000000000000000010002100005920509181200000000002            2  01059205091810091800000001995500000000001N010918000000000000000000000000000000000000000000000000000000000000000100005920579846SONIA MARIA VALDO POLLO                 RUA PALMIRA CERVI BARBARO - 797 - CIDADE            13214370                                                            000122
2SR. CAIXA, APOS O VENCIMENTO COBRAR 10% DE MULTA                                NAO RECEBER APOS 30 DIAS DO VENCIMENTO.                                                                                                                                                                                                         01091800000000000000109180000000000000       0090770900016748059205091812000123
100000000000000000000009077090001674800000000000000000000000010002100002494109181300000000002            2  01024941091810091800000003000320000000001N010918000000000000000000000000000000000000000000000000000000000000000100002494107881CIRO FRANCISCO MARCHI DURIGON           RUA MONTE CASTELO - 262 AP.115 - AVIACAO            11702720                                                            000125
2SR. CAIXA, APOS O VENCIMENTO COBRAR 10% DE MULTA                                NAO RECEBER APOS 30 DIAS DO VENCIMENTO.                                                                                                                                                                                                         01091800000000000000109180000000000000       0090770900016748024941091813000126
100000000000000000000009077090001674800000000000000000000000010002100007002309181000000000002            2  01070023091810091800000002949470000000001N010918000000000000000000000000000000000000000000000000000000000000000100007002345869DOMINGOS DE BRITO GALVAO                RUA MONTE CASTELO - 262 AP.44 - AVIACAO             11702720                                                            000128
2SR. CAIXA, APOS O VENCIMENTO COBRAR 10% DE MULTA                                NAO RECEBER APOS 30 DIAS DO VENCIMENTO.                                                                                                                                                                                                         01091800000000000000109180000000000000       0090770900016748070023091810000129
100000000000000000000009077090001674800000000000000000000000010002100009346809181000000000002            2  01093468091810091800000001228610000000001N010918000000000000000000000000000000000000000000000000000000000000000100009346863862NELSON DE SOUZA SANTOS                  RUA PRIMEIRA CRUZ - 90 - PARQUE INDEPEND            03236060                                                            000131
2SR. CAIXA, APOS O VENCIMENTO COBRAR 10% DE MULTA                                NAO RECEBER APOS 30 DIAS DO VENCIMENTO.                                                                                                                                                                                                         01091800000000000000109180000000000000       0090770900016748093468091810000132
100000000000000000000009077090001674800000000000000000000000010002100016299009181400000000002            2  01162990091810091800000002843290000000001N010918000000000000000000000000000000000000000000000000000000000000000100016299008857FERNANDO CESAR CARVALHO                 AVENIDA MARCONDES DE BRITO - 1340 AP.74             03509000                                                            000134
2SR. CAIXA, APOS O VENCIMENTO COBRAR 10% DE MULTA                                NAO RECEBER APOS 30 DIAS DO VENCIMENTO.                                                                                                                                                                                                         01091800000000000000109180000000000000       0090770900016748162990091814000135
100000000000000000000009077090001674800000000000000000000000010002100031082809181800000000002            2  01310828091810091800000002857060000000001N010918000000000000000000000000000000000000000000000000000000000000000100031082898880VANESSA DOS SANTOS NEIVA                RUA MONTE CASTELO - 296 AP.33 - BAIRRO A            11702720                                                            000137
2SR. CAIXA, APOS O VENCIMENTO COBRAR 10% DE MULTA                                NAO RECEBER APOS 30 DIAS DO VENCIMENTO.                                                                                                                                                                                                         01091800000000000000109180000000000000       0090770900016748310828091818000138
100000000000000000000009077090001674800000000000000000000000010002100065895309181800000000002            2  01658953091810091800000001739550000000001N010918000000000000000000000000000000000000000000000000000000000000000100065895304834MARINHO BARBOSA CUNHA                   AVENIDA EDU CHAVES - 639 AP.43 - PARQUE             02229000                                                            000140
2SR. CAIXA, APOS O VENCIMENTO COBRAR 10% DE MULTA                                NAO RECEBER APOS 30 DIAS DO VENCIMENTO.                                                                                                                                                                                                         01091800000000000000109180000000000000       0090770900016748658953091818000141
9                                                                                                                                                                                                                                                                                                                                                                                                         000142