01REMESSA01COBRANCA       00000000000008017025HB SANTOS CONSTRUTORA E INCORP237BRADESCO       011119        MX0000090                                                                                                                                                                                                                                                                                     000001
100000000000000000000009033990000627000000000000000000000000010002020029671511191700000000002            2  01296715111909111900000002570190000000001N011119000000000000000000000000000000000000000000000000000000000000000100029671526845ROGERIO CONSENTINO                      RUA CARLOS MAZER  - 678 - VILA CARMOSINA            08290700                                                            000002
2SR. CAIXA, APOS O VENCIMENTO COBRAR 2% DE MULTA                                 NAO RECEBER APOS 30 DIAS DO VENCIMENTO.                                                                                                                                                                                                         01111900000000000000111190000000000000       0090339900006270296715111917000003
100000000000000000000009033990000627000000000000000000000000010002020003863011191900000000002            2  01038630111909111900000002427760000000001N011119000000000000000000000000000000000000000000000000000000000000000100003863075803HERALDO MENQUINI                        RUA CARLOS JOSE BORSTENS - 50 AP.15 - AV            11702750                                                            000005
2SR. CAIXA, APOS O VENCIMENTO COBRAR 2% DE MULTA                                 NAO RECEBER APOS 30 DIAS DO VENCIMENTO.                                                                                                                                                                                                         01111900000000000000111190000000000000       0090339900006270038630111919000006
100000000000000000000009033990000627000000000000000000000000010002020029028411191600000000002            2  01290284111909111900000002487000000000001N011119000000000000000000000000000000000000000000000000000000000000000100029028478825LEONARDO LOUZADA                        RUA CARLOS JOSE BORSTENS - 50 AP.35 - AV            11702750                                                            000008
2SR. CAIXA, APOS O VENCIMENTO COBRAR 2% DE MULTA                                 NAO RECEBER APOS 30 DIAS DO VENCIMENTO.                                                                                                                                                                                                         01111900000000000000111190000000000000       0090339900006270290284111916000009
100000000000000000000009033990000627000000000000000000000000010002020032878511191300000000002            2  01328785111909111900000003594210000000001N011119000000000000000000000000000000000000000000000000000000000000000100032878512847LEONARDO MOURA MONIZ CALDEIRA           RUA BALSA - 682 AP.134 T.02 - VILA ARCAD            02910000                                                            000011
2SR. CAIXA, APOS O VENCIMENTO COBRAR 2% DE MULTA                                 NAO RECEBER APOS 30 DIAS DO VENCIMENTO.                                                                                                                                                                                                         01111900000000000000111190000000000000       0090339900006270328785111913000012
100000000000000000000009033990000627000000000000000000000000010002020016479011191000000000002            2  01164790111909111900000003823590000000001N011119000000000000000000000000000000000000000000000000000000000000000100016479002806LOURDES PEREIRA DE QUEIROZ SECANECHIA   RUA PAULINO CURSI - 437 - CIDADE SAO MAT            03960060                                                            000014
2SR. CAIXA, APOS O VENCIMENTO COBRAR 2% DE MULTA                                 NAO RECEBER APOS 30 DIAS DO VENCIMENTO.                                                                                                                                                                                                         01111900000000000000111190000000000000       0090339900006270164790111910000015
100000000000000000000009033990000627000000000000000000000000010002020019635011191800000000002            2  01196350111909111900000002821140000000001N011119000000000000000000000000000000000000000000000000000000000000000100019635091885IVAN VIEIRA SILVA                       ABRAO JORGE - 3001 - JARDIM INTEGRACAO -            14405397                                                            000017
2SR. CAIXA, APOS O VENCIMENTO COBRAR 2% DE MULTA                                 NAO RECEBER APOS 30 DIAS DO VENCIMENTO.                                                                                                                                                                                                         01111900000000000000111190000000000000       0090339900006270196350111918000018
100000000000000000000009033990000627000000000000000000000000010002020009361411191800000000002            2  01093614111909111900000002775940000000001N011119000000000000000000000000000000000000000000000000000000000000000100009361471805JOSE BARBOSA DA SILVA                   RUA ALFREDO INACIO TRINDADE  - 60 AP.44             02344100                                                            000020
2SR. CAIXA, APOS O VENCIMENTO COBRAR 2% DE MULTA                                 NAO RECEBER APOS 30 DIAS DO VENCIMENTO.                                                                                                                                                                                                         01111900000000000000111190000000000000       0090339900006270093614111918000021
100000000000000000000009033990000627000000000000000000000000010002020012756911191100000000002            2  01127569111909111900000002396240000000001N011119000000000000000000000000000000000000000000000000000000000000000100012756959812ITAMAR JUVENAL DIAS DA SILVA            RUA ELISEU REINALDO MORAES VIEIRA - 90 A            02858000                                                            000023
2SR. CAIXA, APOS O VENCIMENTO COBRAR 2% DE MULTA                                 NAO RECEBER APOS 30 DIAS DO VENCIMENTO.                                                                                                                                                                                                         01111900000000000000111190000000000000       0090339900006270127569111911000024
100000000000000000000009033990000627000000000000000000000000010002020002731011191900000000002            2  01027310111909111900000002833000000000001N011119000000000000000000000000000000000000000000000000000000000000000100002731042842VALTER CERQUEIRA VILLA NOVA             RUA MACHADO - 106 - VILA AUGUSTA - GUARU            07025210                                                            000026
2SR. CAIXA, APOS O VENCIMENTO COBRAR 2% DE MULTA                                 NAO RECEBER APOS 30 DIAS DO VENCIMENTO.                                                                                                                                                                                                         01111900000000000000111190000000000000       0090339900006270027310111919000027
100000000000000000000009033990000627000000000000000000000000010002020002731011192700000000002            2  01027310111909111900000002832000000000001N011119000000000000000000000000000000000000000000000000000000000000000100002731042842VALTER CERQUEIRA VILLA NOVA             RUA MACHADO - 106 - VILA AUGUSTA - GUARU            07025210                                                            000029
2SR. CAIXA, APOS O VENCIMENTO COBRAR 2% DE MULTA                                 NAO RECEBER APOS 30 DIAS DO VENCIMENTO.                                                                                                                                                                                                         01111900000000000000111190000000000000       0090339900006270027310111927000030
100000000000000000000009033990000627000000000000000000000000010002020028802111191700000000002            2  01288021111909111900000002558130000000001N011119000000000000000000000000000000000000000000000000000000000000000100028802158894ELIEL HENRIQUE ZUZA                     RUA CARLOS JOSE BORSTENS - 50 AP.43 - BA            11702750                                                            000032
2SR. CAIXA, APOS O VENCIMENTO COBRAR 2% DE MULTA                                 NAO RECEBER APOS 30 DIAS DO VENCIMENTO.                                                                                                                                                                                                         01111900000000000000111190000000000000       0090339900006270288021111917000033
100000000000000000000009033990000627000000000000000000000000010002020008739111191000000000002            2  01087391111909111900000002392520000000001N011119000000000000000000000000000000000000000000000000000000000000000100008739150895VANGEVALDO BATISTA SANT ANNA            TRAVESSA TOMAZIN - 02 - ERMELINO MATARAZ            03811125                                                            000035
2SR. CAIXA, APOS O VENCIMENTO COBRAR 2% DE MULTA                                 NAO RECEBER APOS 30 DIAS DO VENCIMENTO.                                                                                                                                                                                                         01111900000000000000111190000000000000       0090339900006270087391111910000036
100000000000000000000009033990000627000000000000000000000000010002020005313711191700000000002            2  01053137111911111900000002067840000000001N011119000000000000000000000000000000000000000000000000000000000000000100005313717863EDIMICIO JOSE DE ARAUJO                 PRACA NICOLAU GERAIGIRE - 680 CA A - JAR            11095110                                                            000038
2SR. CAIXA, APOS O VENCIMENTO COBRAR 2% DE MULTA                                 NAO RECEBER APOS 30 DIAS DO VENCIMENTO.                                                                                                                                                                                                         01111900000000000000111190000000000000       0090339900006270053137111917000039
100000000000000000000009033990000627000000000000000000000000010002020029433611191500000000002            2  01294336111911111900000001986490000000001N011119000000000000000000000000000000000000000000000000000000000000000100029433631897MARIO MUNIZ                             RUA JOSE CALIXTO DO CARMO - 286 AP.53 -             11702690                                                            000041
2SR. CAIXA, APOS O VENCIMENTO COBRAR 2% DE MULTA                                 NAO RECEBER APOS 30 DIAS DO VENCIMENTO.                                                                                                                                                                                                         01111900000000000000111190000000000000       0090339900006270294336111915000042
100000000000000000000009033990000627000000000000000000000000010002020001847211191300000000002            2  01018472111911111900000001828800000000001N011119000000000000000000000000000000000000000000000000000000000000000100001847204864AMERICA CONCEICAO DA SILVA              RUA JOSE CALIXTO DO CARMO - 286 AP.44 -             11702690                                                            000044
2SR. CAIXA, APOS O VENCIMENTO COBRAR 2% DE MULTA                                 NAO RECEBER APOS 30 DIAS DO VENCIMENTO.                                                                                                                                                                                                         01111900000000000000111190000000000000       0090339900006270018472111913000045
100000000000000000000009033990000627000000000000000000000000010002020005029811191800000000002            2  01050298111909111900000002443120000000001N011119000000000000000000000000000000000000000000000000000000000000000100005029828885LAURINETE DA CONCEICAO DE NORONHA       RUA MARIA LUCIA DE TOLEDO LEITE MORAES -            04434040                                                            000047
2SR. CAIXA, APOS O VENCIMENTO COBRAR 2% DE MULTA                                 NAO RECEBER APOS 30 DIAS DO VENCIMENTO.                                                                                                                                                                                                         01111900000000000000111190000000000000       0090339900006270050298111918000048
100000000000000000000009033990000627000000000000000000000000010002020013388911191P00000000002            2  01133889111911111900000001936530000000001N011119000000000000000000000000000000000000000000000000000000000000000100013388936889NEUTON DE SOUZA RAMOS                   RUA MARIA CRISTINA - 932 - JARDIM CASQUE            11533160                                                            000050
2SR. CAIXA, APOS O VENCIMENTO COBRAR 2% DE MULTA                                 NAO RECEBER APOS 30 DIAS DO VENCIMENTO.                                                                                                                                                                                                         01111900000000000000111190000000000000       009033990000627013388911191P000051
100000000000000000000009033990000627000000000000000000000000010002020012774911191P00000000002            2  01127749111911111900000001972880000000001N011119000000000000000000000000000000000000000000000000000000000000000100012774906865JOSE MILTON SANTIAGO                    RUA BATATAIS - 47 - CIDADE ESTELA - POA             08563140                                                            000053
2SR. CAIXA, APOS O VENCIMENTO COBRAR 2% DE MULTA                                 NAO RECEBER APOS 30 DIAS DO VENCIMENTO.                                                                                                                                                                                                         01111900000000000000111190000000000000       009033990000627012774911191P000054
100000000000000000000009033990000627000000000000000000000000010002020016294111191500000000002            2  01162941111909111900000002425590000000001N011119000000000000000000000000000000000000000000000000000000000000000100016294119812JURACY FELIX DE ARRUDA                  RUA CARLOS JOSE BORSTENS - 50 AP.23 - AV            11702750                                                            000056
2SR. CAIXA, APOS O VENCIMENTO COBRAR 2% DE MULTA                                 NAO RECEBER APOS 30 DIAS DO VENCIMENTO.                                                                                                                                                                                                         01111900000000000000111190000000000000       0090339900006270162941111915000057
100000000000000000000009033990000627000000000000000000000000010002020005613811191P00000000002            2  01056138111911111900000001814510000000001N011119000000000000000000000000000000000000000000000000000000000000000100005613843805NILZA MARIA DE OLIVEIRA                 RUA JOSE GONCALVES DE FREITAS - 66 C2 -             08210550                                                            000059
2SR. CAIXA, APOS O VENCIMENTO COBRAR 2% DE MULTA                                 NAO RECEBER APOS 30 DIAS DO VENCIMENTO.                                                                                                                                                                                                         01111900000000000000111190000000000000       009033990000627005613811191P000060
100000000000000000000009033990000627000000000000000000000000010002020007574911191P00000000002            2  01075749111911111900000001862550000000001N011119000000000000000000000000000000000000000000000000000000000000000100007574936889JORGE LUCIANO PEREIRA BORRIELLO         RUA JOSE CALIXTO DO CARMO - 286 AP.54 -             11702690                                                            000062
2SR. CAIXA, APOS O VENCIMENTO COBRAR 2% DE MULTA                                 NAO RECEBER APOS 30 DIAS DO VENCIMENTO.                                                                                                                                                                                                         01111900000000000000111190000000000000       009033990000627007574911191P000063
100000000000000000000009033990000627000000000000000000000000010002020032408111191200000000002            2  01324081111911111900000002143440000000001N011119000000000000000000000000000000000000000000000000000000000000000100032408151848DEILSON DO NASCIMENTO CANDIDO DA SILVA  RUA JOSE CALIXTO DO CARMO - 286 AP.62 -             11702690                                                            000065
2SR. CAIXA, APOS O VENCIMENTO COBRAR 2% DE MULTA                                 NAO RECEBER APOS 30 DIAS DO VENCIMENTO.                                                                                                                                                                                                         01111900000000000000111190000000000000       0090339900006270324081111912000066
100000000000000000000009033990000627000000000000000000000000010002020008214911191200000000002            2  01082149111911111900000001890820000000001N011119000000000000000000000000000000000000000000000000000000000000000100008214973830JAMIL CHALA                             RUA JOSE CALIXTO DO CARMO - 286 AP.22 -             11702690                                                            000068
2SR. CAIXA, APOS O VENCIMENTO COBRAR 2% DE MULTA                                 NAO RECEBER APOS 30 DIAS DO VENCIMENTO.                                                                                                                                                                                                         01111900000000000000111190000000000000       0090339900006270082149111912000069
100000000000000000000009033990000627000000000000000000000000010002020032495011191P00000000002            2  01324950111911111900000002118900000000001N011119000000000000000000000000000000000000000000000000000000000000000100032495004881PAULO EDUARDO DOS SANTOS                RUA REPUBLICA DO IRAQUE - 1119 - CAMPO B            04611002                                                            000071
2SR. CAIXA, APOS O VENCIMENTO COBRAR 2% DE MULTA                                 NAO RECEBER APOS 30 DIAS DO VENCIMENTO.                                                                                                                                                                                                         01111900000000000000111190000000000000       009033990000627032495011191P000072
100000000000000000000009033990000627000000000000000000000000010002020006471811191P00000000002            2  01064718111909111900000002388050000000001N011119000000000000000000000000000000000000000000000000000000000000000100006471825803JOSIVALDO BASTOS DE OLIVEIRA            RUA MARIA DIAS HOG - 263 - PARQUE CONTIN            07085035                                                            000074
2SR. CAIXA, APOS O VENCIMENTO COBRAR 2% DE MULTA                                 NAO RECEBER APOS 30 DIAS DO VENCIMENTO.                                                                                                                                                                                                         01111900000000000000111190000000000000       009033990000627006471811191P000075
100000000000000000000009033990000627000000000000000000000000010002020038856811191600000000002            2  01388568111911111900000001964270000000001N011119000000000000000000000000000000000000000000000000000000000000000100038856851830FELIPE BIANCHI DA COSTA FREITAS         RUA JOSE CALIXTO DO CARMO - 286 AP.23 -             11702690                                                            000077
2SR. CAIXA, APOS O VENCIMENTO COBRAR 2% DE MULTA                                 NAO RECEBER APOS 30 DIAS DO VENCIMENTO.                                                                                                                                                                                                         01111900000000000000111190000000000000       0090339900006270388568111916000078
100000000000000000000009033990000627000000000000000000000000010002020016498011191700000000002            2  01164980111911111900000001858320000000001N011119000000000000000000000000000000000000000000000000000000000000000100016498053810GILMA CEZARIO GARCIA CORRITORI          RUA LAURENTINO XAVIER DOS SANTOS - 336 -            08240740                                                            000080
2SR. CAIXA, APOS O VENCIMENTO COBRAR 2% DE MULTA                                 NAO RECEBER APOS 30 DIAS DO VENCIMENTO.                                                                                                                                                                                                         01111900000000000000111190000000000000       0090339900006270164980111917000081
100000000000000000000009033990000627000000000000000000000000010002020029339011191600000000002            2  01293390111911111900000001987150000000001N011119000000000000000000000000000000000000000000000000000000000000000100029339051831RONALD DIDOFF                           RUA CORONEL FERREIRA BRAGA - 188 - VILA             03522010                                                            000083
2SR. CAIXA, APOS O VENCIMENTO COBRAR 2% DE MULTA                                 NAO RECEBER APOS 30 DIAS DO VENCIMENTO.                                                                                                                                                                                                         01111900000000000000111190000000000000       0090339900006270293390111916000084
100000000000000000000009033990000627000000000000000000000000010002020017357811191800000000002            2  01173578111911111900000002104580000000001N011119000000000000000000000000000000000000000000000000000000000000000100017357859894MARCIO GUIMARAES                        RUA GENERAL CAMARA - 188 SALA 11 - CENTR            11010120                                                            000086
2SR. CAIXA, APOS O VENCIMENTO COBRAR 2% DE MULTA                                 NAO RECEBER APOS 30 DIAS DO VENCIMENTO.                                                                                                                                                                                                         01111900000000000000111190000000000000       0090339900006270173578111918000087
100000000000000000000009033990000627000000000000000000000000010002020010563011191800000000002            2  01105630111911111900000002158370000000001N011119000000000000000000000000000000000000000000000000000000000000000100010563033878VERA LUCIA RIBEIRO LONGANEZI            RUA DOS CAMARES - 150 AP.24 BL.02 - CARA            02068030                                                            000089
2SR. CAIXA, APOS O VENCIMENTO COBRAR 2% DE MULTA                                 NAO RECEBER APOS 30 DIAS DO VENCIMENTO.                                                                                                                                                                                                         01111900000000000000111190000000000000       0090339900006270105630111918000090
100000000000000000000009033990000627000000000000000000000000010002020005529611191200000000002            2  01055296111911111900000001958640000000001N011119000000000000000000000000000000000000000000000000000000000000000100005529616801JOAQUIM JORGE DA COSTA                  RUA JOSE CALIXTO DO CARMO - 286 AP.106 -            11702690                                                            000092
2SR. CAIXA, APOS O VENCIMENTO COBRAR 2% DE MULTA                                 NAO RECEBER APOS 30 DIAS DO VENCIMENTO.                                                                                                                                                                                                         01111900000000000000111190000000000000       0090339900006270055296111912000093
100000000000000000000009033990000627000000000000000000000000010002020022014111191700000000002            2  01220141111911111900000001952930000000001N011119000000000000000000000000000000000000000000000000000000000000000100022014140847CAMILA SILVEIRA CANIZARES               AVENIDA PRESIDENTE CASTELO BRANCO - 5.74            11703650                                                            000095
2SR. CAIXA, APOS O VENCIMENTO COBRAR 2% DE MULTA                                 NAO RECEBER APOS 30 DIAS DO VENCIMENTO.                                                                                                                                                                                                         01111900000000000000111190000000000000       0090339900006270220141111917000096
100000000000000000000009033990000627000000000000000000000000010002020015550711191900000000002            2  01155507111909111900000001851870000000001N011119000000000000000000000000000000000000000000000000000000000000000100015550706806MARY MIWA                               RUA CARLOS JOSE BORSTENS - 50 AP.105 - A            11702750                                                            000098
2SR. CAIXA, APOS O VENCIMENTO COBRAR 2% DE MULTA                                 NAO RECEBER APOS 30 DIAS DO VENCIMENTO.                                                                                                                                                                                                         01111900000000000000111190000000000000       0090339900006270155507111919000099
100000000000000000000009033990000627000000000000000000000000010002020015464611191900000000002            2  01154646111911111900000002059000000000001N011119000000000000000000000000000000000000000000000000000000000000000100015464647864SONIA TERESA VOLPATO                    RUA JOSE CALIXTO DO CARMO - 286 AP.73 -             11702690                                                            000101
2SR. CAIXA, APOS O VENCIMENTO COBRAR 2% DE MULTA                                 NAO RECEBER APOS 30 DIAS DO VENCIMENTO.                                                                                                                                                                                                         01111900000000000000111190000000000000       0090339900006270154646111919000102
100000000000000000000009033990000627000000000000000000000000010002020008657811191800000000002            2  01086578111911111900000002038330000000001N011119000000000000000000000000000000000000000000000000000000000000000100008657886855ARLINDO DA CRUZ                         AVENIDA ARICANDUVA - 8.256 AP.54 BL.10 -            03951220                                                            000104
2SR. CAIXA, APOS O VENCIMENTO COBRAR 2% DE MULTA                                 NAO RECEBER APOS 30 DIAS DO VENCIMENTO.                                                                                                                                                                                                         01111900000000000000111190000000000000       0090339900006270086578111918000105
100000000000000000000009033990000627000000000000000000000000010002020004265711191800000000002            2  01042657111909111900000002728680000000001N011119000000000000000000000000000000000000000000000000000000000000000100004265781713ALEXANDRE CASADO COSTA                  RUA CARLOS JOSE BORSTENS - 50 AP.33 - AV            11702750                                                            000107
2SR. CAIXA, APOS O VENCIMENTO COBRAR 2% DE MULTA                                 NAO RECEBER APOS 30 DIAS DO VENCIMENTO.                                                                                                                                                                                                         01111900000000000000111190000000000000       0090339900006270042657111918000108
100000000000000000000009033990000627000000000000000000000000010002020059735111191600000000002            2  01597351111909111900000001152540000000001N011119000000000000000000000000000000000000000000000000000000000000000100059735180863HELIO JOSE MARQUES                      RUA MARTIM AFONSO DE SOUZA - 1007 AP.102            11702790                                                            000110
2SR. CAIXA, APOS O VENCIMENTO COBRAR 2% DE MULTA                                 NAO RECEBER APOS 30 DIAS DO VENCIMENTO.                                                                                                                                                                                                         01111900000000000000111190000000000000       0090339900006270597351111916000111
100000000000000000000009033990000627000000000000000000000000010002020026347811191P00000000002            2  01263478111911111900000002178930000000001N011119000000000000000000000000000000000000000000000000000000000000000100026347872862VALDECI SILVA MEIRELES                  RUA JOSE BATISTA DA SILVA - 292 - JARDIM            06851470                                                            000113
2SR. CAIXA, APOS O VENCIMENTO COBRAR 2% DE MULTA                                 NAO RECEBER APOS 30 DIAS DO VENCIMENTO.                                                                                                                                                                                                         01111900000000000000111190000000000000       009033990000627026347811191P000114
100000000000000000000009033990000627000000000000000000000000010002020025443611191000000000002            2  01254436111909111900000003947200000000001N011119000000000000000000000000000000000000000000000000000000000000000100025443691830SILVANETE PEREIRA CARNELOS              RUA CARLOS JOSE BORSTENS - 50 AP.102 - A            11702750                                                            000116
2SR. CAIXA, APOS O VENCIMENTO COBRAR 2% DE MULTA                                 NAO RECEBER APOS 30 DIAS DO VENCIMENTO.                                                                                                                                                                                                         01111900000000000000111190000000000000       0090339900006270254436111910000117
100000000000000000000009033990000627000000000000000000000000010002020013135211191000000000002            2  01131352111911111900000002001890000000001N011119000000000000000000000000000000000000000000000000000000000000000100013135261859EDUARDO ZANOLA                          RUA ROLANDO PIETRO BONINI - 46 - JARDIM             09781040                                                            000119
2SR. CAIXA, APOS O VENCIMENTO COBRAR 2% DE MULTA                                 NAO RECEBER APOS 30 DIAS DO VENCIMENTO.                                                                                                                                                                                                         01111900000000000000111190000000000000       0090339900006270131352111910000120
100000000000000000000009033990000627000000000000000000000000010002020009797611191100000000002            2  01097976111911111900000001949640000000001N011119000000000000000000000000000000000000000000000000000000000000000100009797626857RICARDO SOBRAL DE OLIVEIRA              RUA 23 DE MAIO - 139 AP.32 - VILA MIRIM             11704690                                                            000122
2SR. CAIXA, APOS O VENCIMENTO COBRAR 2% DE MULTA                                 NAO RECEBER APOS 30 DIAS DO VENCIMENTO.                                                                                                                                                                                                         01111900000000000000111190000000000000       0090339900006270097976111911000123
100000000000000000000009033990000627000000000000000000000000010002020004767611191200000000002            2  01047676111909111900000003333830000000001N011119000000000000000000000000000000000000000000000000000000000000000100004767679893ORLANDO GRANDE FILHO                    RUA ORLANDO MIGLIARI - 101 - JARDIM OURO            19906140                                                            000125
2SR. CAIXA, APOS O VENCIMENTO COBRAR 2% DE MULTA                                 NAO RECEBER APOS 30 DIAS DO VENCIMENTO.                                                                                                                                                                                                         01111900000000000000111190000000000000       0090339900006270047676111912000126
100000000000000000000009033990000627000000000000000000000000010002020006512511191P00000000002            2  01065125111911111900000001753790000000001N011119000000000000000000000000000000000000000000000000000000000000000100006512547870MARIA DO CARMO FAGUNDES DOS REIS        RUA CARLOS MALCHER - 98 - PARQUE EDU CHA            02232020                                                            000128
2SR. CAIXA, APOS O VENCIMENTO COBRAR 2% DE MULTA                                 NAO RECEBER APOS 30 DIAS DO VENCIMENTO.                                                                                                                                                                                                         01111900000000000000111190000000000000       009033990000627006512511191P000129
100000000000000000000009033990000627000000000000000000000000010002020022728411191200000000002            2  01227284111911111900000002109620000000001N011119000000000000000000000000000000000000000000000000000000000000000100022728497842WILLIAN DE SOUZA MELLO                  RUA JOSE CALIXTO DO CARMO - 286 AP.111 -            11702690                                                            000131
2SR. CAIXA, APOS O VENCIMENTO COBRAR 2% DE MULTA                                 NAO RECEBER APOS 30 DIAS DO VENCIMENTO.                                                                                                                                                                                                         01111900000000000000111190000000000000       0090339900006270227284111912000132
100000000000000000000009033990000627000000000000000000000000010002020016909711191700000000002            2  01169097111911111900000001864250000000001N011119000000000000000000000000000000000000000000000000000000000000000100016909746805EDIVALDO SANTANA DOS SANTOS             ESTRADA JOAO GASPAR DELGADO - 80 AP.213             08536100                                                            000134
2SR. CAIXA, APOS O VENCIMENTO COBRAR 2% DE MULTA                                 NAO RECEBER APOS 30 DIAS DO VENCIMENTO.                                                                                                                                                                                                         01111900000000000000111190000000000000       0090339900006270169097111917000135
100000000000000000000009033990000627000000000000000000000000010002020022036011191400000000002            2  01220360111909111900000002894970000000001N011119000000000000000000000000000000000000000000000000000000000000000100022036003818DERLIS TERAN QUIROGA ROGATO             RUA JOAO RIBEIRO - 709 AP.61 - CAMPESTRE            09070250                                                            000137
2SR. CAIXA, APOS O VENCIMENTO COBRAR 2% DE MULTA                                 NAO RECEBER APOS 30 DIAS DO VENCIMENTO.                                                                                                                                                                                                         01111900000000000000111190000000000000       0090339900006270220360111914000138
100000000000000000000009033990000627000000000000000000000000010002020012475611191800000000002            2  01124756111911111900000002020730000000001N011119000000000000000000000000000000000000000000000000000000000000000100012475663820CELIDALVA GOES DE CARVALHO              RUA AURELIO BELOTTI JUNIOR - 28 - JARDIM            05759210                                                            000140
2SR. CAIXA, APOS O VENCIMENTO COBRAR 2% DE MULTA                                 NAO RECEBER APOS 30 DIAS DO VENCIMENTO.                                                                                                                                                                                                         01111900000000000000111190000000000000       0090339900006270124756111918000141
100000000000000000000009033990000627000000000000000000000000010002020033451611191500000000002            2  01334516111911111900000001687410000000001N011119000000000000000000000000000000000000000000000000000000000000000100033451620839ARAO ELISIARIO  NUNES                   RUA JOSE CALIXTO DO CARMO - 286 AP.64 -             11702690                                                            000143
2SR. CAIXA, APOS O VENCIMENTO COBRAR 2% DE MULTA                                 NAO RECEBER APOS 30 DIAS DO VENCIMENTO.                                                                                                                                                                                                         01111900000000000000111190000000000000       0090339900006270334516111915000144
100000000000000000000009033990000627000000000000000000000000010002020095758211191500000000002            2  01957582111911111900000002052140000000001N011119000000000000000000000000000000000000000000000000000000000000000100095758275891SHIRLEY TUNES ASTOLFI                   RUA GUAPERUVU - 656 AP.84 - VILA ARICAND            03504010                                                            000146
2SR. CAIXA, APOS O VENCIMENTO COBRAR 2% DE MULTA                                 NAO RECEBER APOS 30 DIAS DO VENCIMENTO.                                                                                                                                                                                                         01111900000000000000111190000000000000       0090339900006270957582111915000147
100000000000000000000009033990000627000000000000000000000000010002020045839211191200000000002            2  01458392111911111900000001309750000000001N011119000000000000000000000000000000000000000000000000000000000000000100045839263834LEONARDO ANTONIO CONCELLIERI            RUA JOSE CALIXTO DO CARMO - 286 AP.51 -             11702690                                                            000149
2SR. CAIXA, APOS O VENCIMENTO COBRAR 2% DE MULTA                                 NAO RECEBER APOS 30 DIAS DO VENCIMENTO.                                                                                                                                                                                                         01111900000000000000111190000000000000       0090339900006270458392111912000150
100000000000000000000009033990000627000000000000000000000000010002020011369111191300000000002            2  01113691111911111900000001843330000000001N011119000000000000000000000000000000000000000000000000000000000000000100011369165803ELIANA CORREA DE OLIVEIRA               AVENIDA ELIAS MALUF - 2695 CASA 419 - WA            18055215                                                            000152
2SR. CAIXA, APOS O VENCIMENTO COBRAR 2% DE MULTA                                 NAO RECEBER APOS 30 DIAS DO VENCIMENTO.                                                                                                                                                                                                         01111900000000000000111190000000000000       0090339900006270113691111913000153
100000000000000000000009033990000627000000000000000000000000010002020026858611191P00000000002            2  01268586111908111900000002605690000000001N011119000000000000000000000000000000000000000000000000000000000000000100026858625879GLAUCE FERREIRA DE OLIVEIRA FALSI       RUA CATULO DA PAIXAO CEARENSE - 190 AP.1            04145010                                                            000155
2SR. CAIXA, APOS O VENCIMENTO COBRAR 2% DE MULTA                                 NAO RECEBER APOS 30 DIAS DO VENCIMENTO.                                                                                                                                                                                                         01111900000000000000111190000000000000       009033990000627026858611191P000156
9                                                                                                                                                                                                                                                                                                                                                                                                         000157