01REMESSA01COBRANCA       00000000000005316116AIRES CONSTRUTORA E INCORPORAD237BRADESCO       250920        MX0000154                                                                                                                                                                                                                                                                                     000001
100000000000000000000009002800441612000000000000000000000000010002100002252109203P00000000002            2  01022521092028092000000000021000000000001N250920000000000000000000000000000000000000000000000000000000000000000100002252149892AIRES MOTA DOS SANTOS                   AVENIDA BRASIL - 600 - AVIACAO - PRAIA G            11701090                                                            000002
2SR. CAIXA, APOS O VENCIMENTO COBRAR 10% DE MULTA                                NAO RECEBER APOS 30 DIAS DO VENCIMENTO.                                                                                                                                                                                                         25092000000000000002509200000000000000       009002800441612002252109203P000003
9                                                                                                                                                                                                                                                                                                                                                                                                         000004