01REMESSA01COBRANCA       00000000000004991454AIRES CONSTRUTORA E INCORPORAD237BRADESCO       130120        MX0000090                                                                                                                                                                                                                                                                                     000001
100000000000000000000009077090001674800000000000000000000000010002100001224501201300000000002            2  01012245012025012000000003738230000000001N130120000000000000000000000000000000000000000000000000000000000000000100001224509579REINALDO JUNIOR MARTINS DE ABREU        AVENIDA INTERLAGOS - 6485 SALA 6 - INTER            04777000                                                            000002
2SR. CAIXA, APOS O VENCIMENTO COBRAR 10% DE MULTA                                NAO RECEBER APOS 30 DIAS DO VENCIMENTO.                                                                                                                                                                                                         13012000000000000001301200000000000000       0090770900016748012245012013000003
100000000000000000000009077090001674800000000000000000000000010002100016338901201600000000002            2  01163389012025012000000003688440000000001N130120000000000000000000000000000000000000000000000000000000000000000100016338929806EDVALDO DA SILVA ANDRADE                RUA ARIA - 434 - PARQUE ALVES DE LIMA -             04902170                                                            000005
2SR. CAIXA, APOS O VENCIMENTO COBRAR 10% DE MULTA                                NAO RECEBER APOS 30 DIAS DO VENCIMENTO.                                                                                                                                                                                                         13012000000000000001301200000000000000       0090770900016748163389012016000006
100000000000000000000009077090001674800000000000000000000000010002100026836901201600000000002            2  01268369012025012000000003340160000000001N130120000000000000000000000000000000000000000000000000000000000000000100026836908860VANDERLEI FIGUEIREDO DE CARVALHO        RUA SANTO ANTONIO DE PADUA - 213 BLOCO 3            11717070                                                            000008
2SR. CAIXA, APOS O VENCIMENTO COBRAR 10% DE MULTA                                NAO RECEBER APOS 30 DIAS DO VENCIMENTO.                                                                                                                                                                                                         13012000000000000001301200000000000000       0090770900016748268369012016000009
100000000000000000000009077090001674800000000000000000000000010002100059861501201200000000002            2  01598615012025012000000003709970000000001N130120000000000000000000000000000000000000000000000000000000000000000100059861576800REINALDO LOPES DE OLIVEIRA              RUA DA SERVIDAO - 40 - VILA ROSCHEL - SA            04891045                                                            000011
2SR. CAIXA, APOS O VENCIMENTO COBRAR 10% DE MULTA                                NAO RECEBER APOS 30 DIAS DO VENCIMENTO.                                                                                                                                                                                                         13012000000000000001301200000000000000       0090770900016748598615012012000012
100000000000000000000009077090001674800000000000000000000000010002100016330901201000000000002            2  01163309012025012000000003687490000000001N130120000000000000000000000000000000000000000000000000000000000000000100016330938830KARINA CORDEIRO PIASSA                  AVENIDA ALDA - 1550 AP.103 BL.A - CENTRO            09910170                                                            000014
2SR. CAIXA, APOS O VENCIMENTO COBRAR 10% DE MULTA                                NAO RECEBER APOS 30 DIAS DO VENCIMENTO.                                                                                                                                                                                                         13012000000000000001301200000000000000       0090770900016748163309012010000015
100000000000000000000009077090001674800000000000000000000000010002100029380701201000000000002            2  01293807012025012000000003340350000000001N130120000000000000000000000000000000000000000000000000000000000000000100029380708882EDUARDO MENDONCA DAMASCENO              RUA MONTE CASTELO - 296 AP.12 - AVIACAO             11702720                                                            000017
2SR. CAIXA, APOS O VENCIMENTO COBRAR 10% DE MULTA                                NAO RECEBER APOS 30 DIAS DO VENCIMENTO.                                                                                                                                                                                                         13012000000000000001301200000000000000       0090770900016748293807012010000018
100000000000000000000009077090001674800000000000000000000000010002100023988501201400000000002            2  01239885012025012000000003391740000000001N130120000000000000000000000000000000000000000000000000000000000000000100023988525634DALMY PIMENTA                           SAO CAETANO - 136 - VILA SAO VICENTE - U            38026220                                                            000020
2SR. CAIXA, APOS O VENCIMENTO COBRAR 10% DE MULTA                                NAO RECEBER APOS 30 DIAS DO VENCIMENTO.                                                                                                                                                                                                         13012000000000000001301200000000000000       0090770900016748239885012014000021
100000000000000000000009077090001674800000000000000000000000010002100004735201201600000000002            2  01047352012025012000000003687730000000001N130120000000000000000000000000000000000000000000000000000000000000000100004735273832DARIO LUIZ GONCALVES                    RUA MONTE CASTELO - 295 AP.113 - AVIACAO            11702720                                                            000023
2SR. CAIXA, APOS O VENCIMENTO COBRAR 10% DE MULTA                                NAO RECEBER APOS 30 DIAS DO VENCIMENTO.                                                                                                                                                                                                         13012000000000000001301200000000000000       0090770900016748047352012016000024
100000000000000000000009077090001674800000000000000000000000010002100007635201201600000000002            2  01076352012025012000000003297050000000001N130120000000000000000000000000000000000000000000000000000000000000000100007635293893SILVIO CARDOSO ZACARIAS                 RUA SOLIDONIO LEITE - 2718 AP.102 BLOCO             03275000                                                            000026
2SR. CAIXA, APOS O VENCIMENTO COBRAR 10% DE MULTA                                NAO RECEBER APOS 30 DIAS DO VENCIMENTO.                                                                                                                                                                                                         13012000000000000001301200000000000000       0090770900016748076352012016000027
100000000000000000000009077090001674800000000000000000000000010002100007975901201P00000000002            2  01079759012025012000000003587020000000001N130120000000000000000000000000000000000000000000000000000000000000000100007975958808JOCY VIGNADO                            RUA PEDRO GONCALVES SOBRINHO - 568 - PAR            13098641                                                            000029
2SR. CAIXA, APOS O VENCIMENTO COBRAR 10% DE MULTA                                NAO RECEBER APOS 30 DIAS DO VENCIMENTO.                                                                                                                                                                                                         13012000000000000001301200000000000000       009077090001674807975901201P000030
100000000000000000000009077090001674800000000000000000000000010002100036386801201100000000002            2  01363868012025012000000003788420000000001N130120000000000000000000000000000000000000000000000000000000000000000100036386861833ALINE LEE WEI DE SOUZA                  AV. PRES.CASTELO BRANCO - 9127 AP.251 BL            11704600                                                            000032
2SR. CAIXA, APOS O VENCIMENTO COBRAR 10% DE MULTA                                NAO RECEBER APOS 30 DIAS DO VENCIMENTO.                                                                                                                                                                                                         13012000000000000001301200000000000000       0090770900016748363868012011000033
100000000000000000000009077090001674800000000000000000000000010002100070465301201200000000002            2  01704653012025012000000001032440000000001N130120000000000000000000000000000000000000000000000000000000000000000100070465320953SIDNEY CARASKI                          RUA DR.CELSO PACHECO BENTIM - 502 - PARQ            03571020                                                            000035
2SR. CAIXA, APOS O VENCIMENTO COBRAR 10% DE MULTA                                NAO RECEBER APOS 30 DIAS DO VENCIMENTO.                                                                                                                                                                                                         13012000000000000001301200000000000000       0090770900016748704653012012000036
100000000000000000000009077090001674800000000000000000000000010002100075759401201800000000002            2  01757594012025012000000002698570000000001N130120000000000000000000000000000000000000000000000000000000000000000100075759446800VALTER MUTAFEI                          RUA MONTE CASTELO - 295 AP.54 - AVIACAO             11702720                                                            000038
2SR. CAIXA, APOS O VENCIMENTO COBRAR 10% DE MULTA                                NAO RECEBER APOS 30 DIAS DO VENCIMENTO.                                                                                                                                                                                                         13012000000000000001301200000000000000       0090770900016748757594012018000039
100000000000000000000009077090001674800000000000000000000000010002100023132601201100000000002            2  01231326012025012000000002094290000000001N130120000000000000000000000000000000000000000000000000000000000000000100023132672882LEANDRO MORENO                          RUA MONTE CASTELO - 296 AP.64 - AVIACAO             11702720                                                            000041
2SR. CAIXA, APOS O VENCIMENTO COBRAR 10% DE MULTA                                NAO RECEBER APOS 30 DIAS DO VENCIMENTO.                                                                                                                                                                                                         13012000000000000001301200000000000000       0090770900016748231326012011000042
100000000000000000000009077090001674800000000000000000000000010002100099264601201000000000002            2  01992646012025012000000003571620000000001N130120000000000000000000000000000000000000000000000000000000000000000100099264692800LEONTINO PINHEIRO DA SILVA              AVENIDA JOAO BATISTA FITIPALDI - 469 - V            08685000                                                            000044
2SR. CAIXA, APOS O VENCIMENTO COBRAR 10% DE MULTA                                NAO RECEBER APOS 30 DIAS DO VENCIMENTO.                                                                                                                                                                                                         13012000000000000001301200000000000000       0090770900016748992646012010000045
100000000000000000000009077090001674800000000000000000000000010002100000666301201100000000002            2  01006663012025012000000003445630000000001N130120000000000000000000000000000000000000000000000000000000000000000100000666344825LUIZ HENRIQUE DE CAMPOS                 RUA JOAO CARLOS CAVALCANTI REIS - 21 - J            02281206                                                            000047
2SR. CAIXA, APOS O VENCIMENTO COBRAR 10% DE MULTA                                NAO RECEBER APOS 30 DIAS DO VENCIMENTO.                                                                                                                                                                                                         13012000000000000001301200000000000000       0090770900016748006663012011000048
100000000000000000000009077090001674800000000000000000000000010002100029155001201100000000002            2  01291550012025012000000003638720000000001N130120000000000000000000000000000000000000000000000000000000000000000100029155026842DANIELA YOSHIDA                         RUA MONTE CASTELO - 262 AP.34 - AVIACAO             11702720                                                            000050
2SR. CAIXA, APOS O VENCIMENTO COBRAR 10% DE MULTA                                NAO RECEBER APOS 30 DIAS DO VENCIMENTO.                                                                                                                                                                                                         13012000000000000001301200000000000000       0090770900016748291550012011000051
100000000000000000000009077090001674800000000000000000000000010002100001204401201500000000002            2  01012044012025012000000002963230000000001N130120000000000000000000000000000000000000000000000000000000000000000100001204431809CEZAR TALAVERA JUNIOR                   RUA MAESTRO ARTURO DE ANGELIS  - 190 AP.            05139010                                                            000053
2SR. CAIXA, APOS O VENCIMENTO COBRAR 10% DE MULTA                                NAO RECEBER APOS 30 DIAS DO VENCIMENTO.                                                                                                                                                                                                         13012000000000000001301200000000000000       0090770900016748012044012015000054
100000000000000000000009077090001674800000000000000000000000010002100004227501201400000000002            2  01042275012025012000000003841220000000001N130120000000000000000000000000000000000000000000000000000000000000000100004227553970ALESSANDRO ISRAEL GOULART               RUA PROFESSORA CARLINDA RIBEIRO - 21 - F            02866200                                                            000056
2SR. CAIXA, APOS O VENCIMENTO COBRAR 10% DE MULTA                                NAO RECEBER APOS 30 DIAS DO VENCIMENTO.                                                                                                                                                                                                         13012000000000000001301200000000000000       0090770900016748042275012014000057
100000000000000000000009077090001674800000000000000000000000010002100060811401201800000000002            2  01608114012025012000000003540120000000001N130120000000000000000000000000000000000000000000000000000000000000000100060811420868HELIO BASSI                             AV.PARIS,575 - PRACA ANTONIO FIGUEROA -             11700082                                                            000059
2SR. CAIXA, APOS O VENCIMENTO COBRAR 10% DE MULTA                                NAO RECEBER APOS 30 DIAS DO VENCIMENTO.                                                                                                                                                                                                         13012000000000000001301200000000000000       0090770900016748608114012018000060
100000000000000000000009077090001674800000000000000000000000010002100001024701201800000000002            2  01010247012025012000000003349910000000001N130120000000000000000000000000000000000000000000000000000000000000000100001024794881CLAUDIO RODRIGUES                       RUA ARACATUBA - 242 - LAPA - SAO PAULO -            05058010                                                            000062
2SR. CAIXA, APOS O VENCIMENTO COBRAR 10% DE MULTA                                NAO RECEBER APOS 30 DIAS DO VENCIMENTO.                                                                                                                                                                                                         13012000000000000001301200000000000000       0090770900016748010247012018000063
100000000000000000000009077090001674800000000000000000000000010002100002225001201900000000002            2  01022250012025012000000005135850000000001N130120000000000000000000000000000000000000000000000000000000000000000100002225072841PEDRO EDUARDO DE AZEVEDO                RUA NATH ZILMAN - 46 - JARDIM SAMAMBAIA             07623085                                                            000065
2SR. CAIXA, APOS O VENCIMENTO COBRAR 10% DE MULTA                                NAO RECEBER APOS 30 DIAS DO VENCIMENTO.                                                                                                                                                                                                         13012000000000000001301200000000000000       0090770900016748022250012019000066
100000000000000000000009077090001674800000000000000000000000010002100022037501201700000000002            2  01220375012025012000000003573990000000001N130120000000000000000000000000000000000000000000000000000000000000000100022037552882ANDREIA CRISTINA FERNANDES DANTAS       PCA CASTRO ALVES - 163 AP.33 - VILA SAO             13224299                                                            000068
2SR. CAIXA, APOS O VENCIMENTO COBRAR 10% DE MULTA                                NAO RECEBER APOS 30 DIAS DO VENCIMENTO.                                                                                                                                                                                                         13012000000000000001301200000000000000       0090770900016748220375012017000069
100000000000000000000009077090001674800000000000000000000000010002100019288701201500000000002            2  01192887012025012000000002910030000000001N130120000000000000000000000000000000000000000000000000000000000000000100019288787844EMERSON LUIZ MARTINEZ PEREIRA           RUA MONTE CASTELO - 296 AP.74 - AVIACAO             11702720                                                            000071
2SR. CAIXA, APOS O VENCIMENTO COBRAR 10% DE MULTA                                NAO RECEBER APOS 30 DIAS DO VENCIMENTO.                                                                                                                                                                                                         13012000000000000001301200000000000000       0090770900016748192887012015000072
100000000000000000000009077090001674800000000000000000000000010002100027198401201900000000002            2  01271984012025012000000002464950000000001N130120000000000000000000000000000000000000000000000000000000000000000100027198452809CRISTIANE AURELIANO DA SILVA MAIA       RUA MONTE CASTELO - 262 AP.25 - AVIACAO             11702720                                                            000074
2SR. CAIXA, APOS O VENCIMENTO COBRAR 10% DE MULTA                                NAO RECEBER APOS 30 DIAS DO VENCIMENTO.                                                                                                                                                                                                         13012000000000000001301200000000000000       0090770900016748271984012019000075
100000000000000000000009077090001674800000000000000000000000010002100021246201201200000000002            2  01212462012025012000000003008240000000001N130120000000000000000000000000000000000000000000000000000000000000000100021246231840ALEXANDRO DA CUNHA MIGUES               RUA DULCE - 71  - VILA CARRAO - SAO PAUL            03427040                                                            000077
2SR. CAIXA, APOS O VENCIMENTO COBRAR 10% DE MULTA                                NAO RECEBER APOS 30 DIAS DO VENCIMENTO.                                                                                                                                                                                                         13012000000000000001301200000000000000       0090770900016748212462012012000078
100000000000000000000009077090001674800000000000000000000000010002100018470501201200000000002            2  01184705012025012000000004425550000000001N130120000000000000000000000000000000000000000000000000000000000000000100018470520881SILVANA ALVES DE OLIVEIRA               RUA MONTE CASTELO - 262 AP.91 - AVIACAO             11702720                                                            000080
2SR. CAIXA, APOS O VENCIMENTO COBRAR 10% DE MULTA                                NAO RECEBER APOS 30 DIAS DO VENCIMENTO.                                                                                                                                                                                                         13012000000000000001301200000000000000       0090770900016748184705012012000081
100000000000000000000009077090001674800000000000000000000000010002100009297501201200000000002            2  01092975012025012000000003081020000000001N130120000000000000000000000000000000000000000000000000000000000000000100009297523846MARCOS ROBERTO DE CASTRO FERREIRA       RUA MONTE CASTELO - 262 AP.105 - AVIACAO            11702720                                                            000083
2SR. CAIXA, APOS O VENCIMENTO COBRAR 10% DE MULTA                                NAO RECEBER APOS 30 DIAS DO VENCIMENTO.                                                                                                                                                                                                         13012000000000000001301200000000000000       0090770900016748092975012012000084
100000000000000000000009077090001674800000000000000000000000010002100001164101201100000000002            2  01011641012025012000000003818080000000001N130120000000000000000000000000000000000000000000000000000000000000000100001164158864DAVID BLEY LACERDA                      RUA CONEGO ARAUJO MARCONDES - 188 - BAIR            02550080                                                            000086
2SR. CAIXA, APOS O VENCIMENTO COBRAR 10% DE MULTA                                NAO RECEBER APOS 30 DIAS DO VENCIMENTO.                                                                                                                                                                                                         13012000000000000001301200000000000000       0090770900016748011641012011000087
100000000000000000000009077090001674800000000000000000000000010002100031498001201500000000002            2  01314980012025012000000004640330000000001N130120000000000000000000000000000000000000000000000000000000000000000100031498008895POLIANE  SIBELE DA SILVA                PRACA GENERAL COSTA BARRETO - 56 AP.181             03325070                                                            000089
2SR. CAIXA, APOS O VENCIMENTO COBRAR 10% DE MULTA                                NAO RECEBER APOS 30 DIAS DO VENCIMENTO.                                                                                                                                                                                                         13012000000000000001301200000000000000       0090770900016748314980012015000090
100000000000000000000009077090001674800000000000000000000000010002100000588101201900000000002            2  01005881012025012000000002721650000000001N130120000000000000000000000000000000000000000000000000000000000000000100000588109860JOSE LIARTE GIANTE                      AVENIDA LUIZ GONZAGA DO AMARAL - 143 - J            09320630                                                            000092
2SR. CAIXA, APOS O VENCIMENTO COBRAR 10% DE MULTA                                NAO RECEBER APOS 30 DIAS DO VENCIMENTO.                                                                                                                                                                                                         13012000000000000001301200000000000000       0090770900016748005881012019000093
100000000000000000000009077090001674800000000000000000000000010002100014386801201100000000002            2  01143868012025012000000013115840000000001N130120000000000000000000000000000000000000000000000000000000000000000100014386860134SEVERINO CARLOS DE OLIVEIRA             RUA MONTE CASTELO - 262 AP.54 - AVIACAO             11702720                                                            000095
2SR. CAIXA, APOS O VENCIMENTO COBRAR 10% DE MULTA                                NAO RECEBER APOS 30 DIAS DO VENCIMENTO.                                                                                                                                                                                                         13012000000000000001301200000000000000       0090770900016748143868012011000096
100000000000000000000009077090001674800000000000000000000000010002100014386801202P00000000002            2  01143868012025012000000002177190000000001N130120000000000000000000000000000000000000000000000000000000000000000100014386860134SEVERINO CARLOS DE OLIVEIRA             RUA MONTE CASTELO - 262 AP.54 - AVIACAO             11702720                                                            000098
2SR. CAIXA, APOS O VENCIMENTO COBRAR 10% DE MULTA                                NAO RECEBER APOS 30 DIAS DO VENCIMENTO.                                                                                                                                                                                                         13012000000000000001301200000000000000       009077090001674814386801202P000099
100000000000000000000009077090001674800000000000000000000000010002100039393701201700000000002            2  01393937012025012000000001500540000000001N130120000000000000000000000000000000000000000000000000000000000000000100039393790850NAIRON RICARDO DE ARAUJO SANTOS         RUA NITEROI - 267 CASA 04 - JARDIM INDEP            11380350                                                            000101
2SR. CAIXA, APOS O VENCIMENTO COBRAR 10% DE MULTA                                NAO RECEBER APOS 30 DIAS DO VENCIMENTO.                                                                                                                                                                                                         13012000000000000001301200000000000000       0090770900016748393937012017000102
100000000000000000000009077090001674800000000000000000000000010002100041896801201800000000002            2  01418968012025012000000002185290000000001N130120000000000000000000000000000000000000000000000000000000000000000100041896807968SERGIO ROBERTO DA SILVA                 RUA DOS INGLESES - 542 AP.61 - MORRO DOS            01329000                                                            000104
2SR. CAIXA, APOS O VENCIMENTO COBRAR 10% DE MULTA                                NAO RECEBER APOS 30 DIAS DO VENCIMENTO.                                                                                                                                                                                                         13012000000000000001301200000000000000       0090770900016748418968012018000105
9                                                                                                                                                                                                                                                                                                                                                                                                         000106