01REMESSA01COBRANCA       00000000000008017025HB SANTOS CONSTRUTORA E INCORP237BRADESCO       011218        MX0000068                                                                                                                                                                                                                                                                                     000001
100000000000000000000009033990000627000000000000000000000000010002020029671512181500000000002            2  01296715121809121800000002367390000000001N011218000000000000000000000000000000000000000000000000000000000000000100029671526845ROGERIO CONSENTINO                      RUA CARLOS MAZER  - 678 - VILA CARMOSINA            08290700                                                            000002
2SR. CAIXA, APOS O VENCIMENTO COBRAR 2% DE MULTA                                 NAO RECEBER APOS 30 DIAS DO VENCIMENTO.                                                                                                                                                                                                         01121800000000000000112180000000000000       0090339900006270296715121815000003
100000000000000000000009033990000627000000000000000000000000010002020003863012181700000000002            2  01038630121809121800000002236210000000001N011218000000000000000000000000000000000000000000000000000000000000000100003863075803HERALDO MENQUINI                        RUA CARLOS JOSE BORSTENS - 50 AP.15 - AV            11702750                                                            000005
2SR. CAIXA, APOS O VENCIMENTO COBRAR 2% DE MULTA                                 NAO RECEBER APOS 30 DIAS DO VENCIMENTO.                                                                                                                                                                                                         01121800000000000000112180000000000000       0090339900006270038630121817000006
100000000000000000000009033990000627000000000000000000000000010002020029028412181400000000002            2  01290284121809121800000002290770000000001N011218000000000000000000000000000000000000000000000000000000000000000100029028478825LEONARDO LOUZADA                        RUA ILHEUS - QUADRA 31 - 244 - BAIRRO CE            19274000                                                            000008
2SR. CAIXA, APOS O VENCIMENTO COBRAR 2% DE MULTA                                 NAO RECEBER APOS 30 DIAS DO VENCIMENTO.                                                                                                                                                                                                         01121800000000000000112180000000000000       0090339900006270290284121814000009
100000000000000000000009033990000627000000000000000000000000010002020032878512181100000000002            2  01328785121809121800000003310610000000001N011218000000000000000000000000000000000000000000000000000000000000000100032878512847LEONARDO MOURA MONIZ CALDEIRA           RUA BALSA - 682 AP.134 T.02 - VILA ARCAD            02910000                                                            000011
2SR. CAIXA, APOS O VENCIMENTO COBRAR 2% DE MULTA                                 NAO RECEBER APOS 30 DIAS DO VENCIMENTO.                                                                                                                                                                                                         01121800000000000000112180000000000000       0090339900006270328785121811000012
100000000000000000000009033990000627000000000000000000000000010002020016479012181900000000002            2  01164790121809121800000003521900000000001N011218000000000000000000000000000000000000000000000000000000000000000100016479002806LOURDES PEREIRA DE QUEIROZ SECANECHIA   RUA PAULINO CURSI - 437 - CIDADE SAO MAT            03960060                                                            000014
2SR. CAIXA, APOS O VENCIMENTO COBRAR 2% DE MULTA                                 NAO RECEBER APOS 30 DIAS DO VENCIMENTO.                                                                                                                                                                                                         01121800000000000000112180000000000000       0090339900006270164790121819000015
100000000000000000000009033990000627000000000000000000000000010002020019635012181600000000002            2  01196350121809121800000002598540000000001N011218000000000000000000000000000000000000000000000000000000000000000100019635091885IVAN VIEIRA SILVA                       ABRAO JORGE - 3001 - JARDIM INTEGRACAO -            14405397                                                            000017
2SR. CAIXA, APOS O VENCIMENTO COBRAR 2% DE MULTA                                 NAO RECEBER APOS 30 DIAS DO VENCIMENTO.                                                                                                                                                                                                         01121800000000000000112180000000000000       0090339900006270196350121816000018
100000000000000000000009033990000627000000000000000000000000010002020009361412181600000000002            2  01093614121809121800000002556890000000001N011218000000000000000000000000000000000000000000000000000000000000000100009361471805JOSE BARBOSA DA SILVA                   RUA ALFREDO INACIO TRINDADE  - 60 AP.44             02344100                                                            000020
2SR. CAIXA, APOS O VENCIMENTO COBRAR 2% DE MULTA                                 NAO RECEBER APOS 30 DIAS DO VENCIMENTO.                                                                                                                                                                                                         01121800000000000000112180000000000000       0090339900006270093614121816000021
100000000000000000000009033990000627000000000000000000000000010002020012756912181P00000000002            2  01127569121809121800000002207170000000001N011218000000000000000000000000000000000000000000000000000000000000000100012756959812ITAMAR JUVENAL DIAS DA SILVA            RUA ELISEU REINALDO MORAES VIEIRA - 90 A            02858000                                                            000023
2SR. CAIXA, APOS O VENCIMENTO COBRAR 2% DE MULTA                                 NAO RECEBER APOS 30 DIAS DO VENCIMENTO.                                                                                                                                                                                                         01121800000000000000112180000000000000       009033990000627012756912181P000024
100000000000000000000009033990000627000000000000000000000000010002020002731012181700000000002            2  01027310121809121800000002609460000000001N011218000000000000000000000000000000000000000000000000000000000000000100002731042842VALTER CERQUEIRA VILLA NOVA             RUA MACHADO - 106 - VILA AUGUSTA - GUARU            07025210                                                            000026
2SR. CAIXA, APOS O VENCIMENTO COBRAR 2% DE MULTA                                 NAO RECEBER APOS 30 DIAS DO VENCIMENTO.                                                                                                                                                                                                         01121800000000000000112180000000000000       0090339900006270027310121817000027
100000000000000000000009033990000627000000000000000000000000010002020002731012182500000000002            2  01027310121809121800000002609460000000001N011218000000000000000000000000000000000000000000000000000000000000000100002731042842VALTER CERQUEIRA VILLA NOVA             RUA MACHADO - 106 - VILA AUGUSTA - GUARU            07025210                                                            000029
2SR. CAIXA, APOS O VENCIMENTO COBRAR 2% DE MULTA                                 NAO RECEBER APOS 30 DIAS DO VENCIMENTO.                                                                                                                                                                                                         01121800000000000000112180000000000000       0090339900006270027310121825000030
100000000000000000000009033990000627000000000000000000000000010002020028802112181500000000002            2  01288021121809121800000002356300000000001N011218000000000000000000000000000000000000000000000000000000000000000100028802158894ELIEL HENRIQUE ZUZA                     RUA CARLOS JOSE BORSTENS - 50 AP.43 - BA            11702750                                                            000032
2SR. CAIXA, APOS O VENCIMENTO COBRAR 2% DE MULTA                                 NAO RECEBER APOS 30 DIAS DO VENCIMENTO.                                                                                                                                                                                                         01121800000000000000112180000000000000       0090339900006270288021121815000033
100000000000000000000009033990000627000000000000000000000000010002020008739112181900000000002            2  01087391121809121800000002203720000000001N011218000000000000000000000000000000000000000000000000000000000000000100008739150895VANGEVALDO BATISTA SANT ANNA            TRAVESSA TOMAZIN - 02 - ERMELINO MATARAZ            03811125                                                            000035
2SR. CAIXA, APOS O VENCIMENTO COBRAR 2% DE MULTA                                 NAO RECEBER APOS 30 DIAS DO VENCIMENTO.                                                                                                                                                                                                         01121800000000000000112180000000000000       0090339900006270087391121819000036
100000000000000000000009033990000627000000000000000000000000010002020005313712181500000000002            2  01053137121811121800000001923700000000001N011218000000000000000000000000000000000000000000000000000000000000000100005313717863EDIMICIO JOSE DE ARAUJO                 PRACA NICOLAU GERAIGIRE - 680 CA A - JAR            11095110                                                            000038
2SR. CAIXA, APOS O VENCIMENTO COBRAR 2% DE MULTA                                 NAO RECEBER APOS 30 DIAS DO VENCIMENTO.                                                                                                                                                                                                         01121800000000000000112180000000000000       0090339900006270053137121815000039
100000000000000000000009033990000627000000000000000000000000010002020029433612181300000000002            2  01294336121811121800000001848010000000001N011218000000000000000000000000000000000000000000000000000000000000000100029433631897MARIO MUNIZ                             RUA LIBERO BADARO - 1115 - BAIRRO CIDADE            11704070                                                            000041
2SR. CAIXA, APOS O VENCIMENTO COBRAR 2% DE MULTA                                 NAO RECEBER APOS 30 DIAS DO VENCIMENTO.                                                                                                                                                                                                         01121800000000000000112180000000000000       0090339900006270294336121813000042
100000000000000000000009033990000627000000000000000000000000010002020001847212181100000000002            2  01018472121811121800000001701340000000001N011218000000000000000000000000000000000000000000000000000000000000000100001847204864AMERICA CONCEICAO DA SILVA              RUA CAMINHO DO GUARAMAR - 199 AP.11 BLOC            11721050                                                            000044
2SR. CAIXA, APOS O VENCIMENTO COBRAR 2% DE MULTA                                 NAO RECEBER APOS 30 DIAS DO VENCIMENTO.                                                                                                                                                                                                         01121800000000000000112180000000000000       0090339900006270018472121811000045
100000000000000000000009033990000627000000000000000000000000010002020005029812181600000000002            2  01050298121809121800000002250350000000001N011218000000000000000000000000000000000000000000000000000000000000000100005029828885LAURINETE DA CONCEICAO DE NORONHA       RUA MARIA LUCIA DE TOLEDO LEITE MORAES -            04434040                                                            000047
2SR. CAIXA, APOS O VENCIMENTO COBRAR 2% DE MULTA                                 NAO RECEBER APOS 30 DIAS DO VENCIMENTO.                                                                                                                                                                                                         01121800000000000000112180000000000000       0090339900006270050298121816000048
100000000000000000000009033990000627000000000000000000000000010002020027682112181500000000002            2  01276821121811121800000001793580000000001N011218000000000000000000000000000000000000000000000000000000000000000100027682175818ALINE TEIXEIRA                          RUA CRUZEIRO DO SUL - 309 - JARDIM BOM P            06385060                                                            000050
2SR. CAIXA, APOS O VENCIMENTO COBRAR 2% DE MULTA                                 NAO RECEBER APOS 30 DIAS DO VENCIMENTO.                                                                                                                                                                                                         01121800000000000000112180000000000000       0090339900006270276821121815000051
100000000000000000000009033990000627000000000000000000000000010002020013388912181800000000002            2  01133889121811121800000001801540000000001N011218000000000000000000000000000000000000000000000000000000000000000100013388936889NEUTON DE SOUZA RAMOS                   RUA MARIA CRISTINA - 932 - JARDIM CASQUE            11533160                                                            000053
2SR. CAIXA, APOS O VENCIMENTO COBRAR 2% DE MULTA                                 NAO RECEBER APOS 30 DIAS DO VENCIMENTO.                                                                                                                                                                                                         01121800000000000000112180000000000000       0090339900006270133889121818000054
100000000000000000000009033990000627000000000000000000000000010002020012774912181800000000002            2  01127749121811121800000001835350000000001N011218000000000000000000000000000000000000000000000000000000000000000100012774906865JOSE MILTON SANTIAGO                    RUA BATATAIS - 47 - CIDADE ESTELA - POA             08563140                                                            000056
2SR. CAIXA, APOS O VENCIMENTO COBRAR 2% DE MULTA                                 NAO RECEBER APOS 30 DIAS DO VENCIMENTO.                                                                                                                                                                                                         01121800000000000000112180000000000000       0090339900006270127749121818000057
100000000000000000000009033990000627000000000000000000000000010002020016294112181300000000002            2  01162941121809121800000002234200000000001N011218000000000000000000000000000000000000000000000000000000000000000100016294119812JURACY FELIX DE ARRUDA                  RUA CARLOS JOSE BORSTENS - 50 AP.23 - AV            11702750                                                            000059
2SR. CAIXA, APOS O VENCIMENTO COBRAR 2% DE MULTA                                 NAO RECEBER APOS 30 DIAS DO VENCIMENTO.                                                                                                                                                                                                         01121800000000000000112180000000000000       0090339900006270162941121813000060
100000000000000000000009033990000627000000000000000000000000010002020005613812181800000000002            2  01056138121811121800000001688020000000001N011218000000000000000000000000000000000000000000000000000000000000000100005613843805NILZA MARIA DE OLIVEIRA                 RUA JOSE GONCALVES DE FREITAS - 66 C2 -             08210550                                                            000062
2SR. CAIXA, APOS O VENCIMENTO COBRAR 2% DE MULTA                                 NAO RECEBER APOS 30 DIAS DO VENCIMENTO.                                                                                                                                                                                                         01121800000000000000112180000000000000       0090339900006270056138121818000063
100000000000000000000009033990000627000000000000000000000000010002020007574912181800000000002            2  01075749121811121800000001732710000000001N011218000000000000000000000000000000000000000000000000000000000000000100007574936889JORGE LUCIANO PEREIRA BORRIELLO         RUA FABIO DE ALMEIDA MAGALHAES - 179 - J            05135370                                                            000065
2SR. CAIXA, APOS O VENCIMENTO COBRAR 2% DE MULTA                                 NAO RECEBER APOS 30 DIAS DO VENCIMENTO.                                                                                                                                                                                                         01121800000000000000112180000000000000       0090339900006270075749121818000066
100000000000000000000009033990000627000000000000000000000000010002020032408112181000000000002            2  01324081121811121800000001633600000000001N011218000000000000000000000000000000000000000000000000000000000000000100032408151848DEILSON DO NASCIMENTO CANDIDO DA SILVA  RUA HEREMITA SANTA DO NASCIMENTO - 37 AP            11345340                                                            000068
2SR. CAIXA, APOS O VENCIMENTO COBRAR 2% DE MULTA                                 NAO RECEBER APOS 30 DIAS DO VENCIMENTO.                                                                                                                                                                                                         01121800000000000000112180000000000000       0090339900006270324081121810000069
100000000000000000000009033990000627000000000000000000000000010002020008214912181000000000002            2  01082149121811121800000001759010000000001N011218000000000000000000000000000000000000000000000000000000000000000100008214973830JAMIL CHALA                             AVENIDA COSTA MACHADO - 291 AP.133-A - C            11700650                                                            000071
2SR. CAIXA, APOS O VENCIMENTO COBRAR 2% DE MULTA                                 NAO RECEBER APOS 30 DIAS DO VENCIMENTO.                                                                                                                                                                                                         01121800000000000000112180000000000000       0090339900006270082149121810000072
100000000000000000000009033990000627000000000000000000000000010002020032495012181800000000002            2  01324950121811121800000001971200000000001N011218000000000000000000000000000000000000000000000000000000000000000100032495004881PAULO EDUARDO DOS SANTOS                RUA REPUBLICA DO IRAQUE - 1119 - CAMPO B            04611002                                                            000074
2SR. CAIXA, APOS O VENCIMENTO COBRAR 2% DE MULTA                                 NAO RECEBER APOS 30 DIAS DO VENCIMENTO.                                                                                                                                                                                                         01121800000000000000112180000000000000       0090339900006270324950121818000075
100000000000000000000009033990000627000000000000000000000000010002020006471812181800000000002            2  01064718121809121800000002199620000000001N011218000000000000000000000000000000000000000000000000000000000000000100006471825803JOSIVALDO BASTOS DE OLIVEIRA            RUA MARIA DIAS HOG - 263 - PARQUE CONTIN            07085035                                                            000077
2SR. CAIXA, APOS O VENCIMENTO COBRAR 2% DE MULTA                                 NAO RECEBER APOS 30 DIAS DO VENCIMENTO.                                                                                                                                                                                                         01121800000000000000112180000000000000       0090339900006270064718121818000078
100000000000000000000009033990000627000000000000000000000000010002020038856812181400000000002            2  01388568121811121800000001827350000000001N011218000000000000000000000000000000000000000000000000000000000000000100038856851830FELIPE BIANCHI DA COSTA FREITAS         AVENIDA ENGENHEIRO ARMANDO DE ARRUDA PER            04325001                                                            000080
2SR. CAIXA, APOS O VENCIMENTO COBRAR 2% DE MULTA                                 NAO RECEBER APOS 30 DIAS DO VENCIMENTO.                                                                                                                                                                                                         01121800000000000000112180000000000000       0090339900006270388568121814000081
100000000000000000000009033990000627000000000000000000000000010002020016498012181500000000002            2  01164980121811121800000001728780000000001N011218000000000000000000000000000000000000000000000000000000000000000100016498053810GILMA CEZARIO GARCIA CORRITORI          RUA LAURENTINO XAVIER DOS SANTOS - 336 -            08240740                                                            000083
2SR. CAIXA, APOS O VENCIMENTO COBRAR 2% DE MULTA                                 NAO RECEBER APOS 30 DIAS DO VENCIMENTO.                                                                                                                                                                                                         01121800000000000000112180000000000000       0090339900006270164980121815000084
100000000000000000000009033990000627000000000000000000000000010002020030098612181800000000002            2  01300986121811121800000001856000000000001N011218000000000000000000000000000000000000000000000000000000000000000100030098603825DEUZIANA MOREIRA DE SA                  RUA JOAO AVELINO PINHO MELLAO - 114 - JA            05659010                                                            000086
2SR. CAIXA, APOS O VENCIMENTO COBRAR 2% DE MULTA                                 NAO RECEBER APOS 30 DIAS DO VENCIMENTO.                                                                                                                                                                                                         01121800000000000000112180000000000000       0090339900006270300986121818000087
100000000000000000000009033990000627000000000000000000000000010002020029339012181400000000002            2  01293390121811121800000001848650000000001N011218000000000000000000000000000000000000000000000000000000000000000100029339051831RONALD DIDOFF                           RUA CORONEL FERREIRA BRAGA - 188 - VILA             03522010                                                            000089
2SR. CAIXA, APOS O VENCIMENTO COBRAR 2% DE MULTA                                 NAO RECEBER APOS 30 DIAS DO VENCIMENTO.                                                                                                                                                                                                         01121800000000000000112180000000000000       0090339900006270293390121814000090
100000000000000000000009033990000627000000000000000000000000010002020017357812181600000000002            2  01173578121811121800000001957870000000001N011218000000000000000000000000000000000000000000000000000000000000000100017357859894MARCIO GUIMARAES                        RUA GENERAL CAMARA - 188 SALA 11 - CENTR            11010120                                                            000092
2SR. CAIXA, APOS O VENCIMENTO COBRAR 2% DE MULTA                                 NAO RECEBER APOS 30 DIAS DO VENCIMENTO.                                                                                                                                                                                                         01121800000000000000112180000000000000       0090339900006270173578121816000093
100000000000000000000009033990000627000000000000000000000000010002020010563012181600000000002            2  01105630121811121800000002007920000000001N011218000000000000000000000000000000000000000000000000000000000000000100010563033878VERA LUCIA RIBEIRO LONGANEZI            RUA DOS CAMARES - 150 AP.24 BL.02 - CARA            02068030                                                            000095
2SR. CAIXA, APOS O VENCIMENTO COBRAR 2% DE MULTA                                 NAO RECEBER APOS 30 DIAS DO VENCIMENTO.                                                                                                                                                                                                         01121800000000000000112180000000000000       0090339900006270105630121816000096
100000000000000000000009033990000627000000000000000000000000010002020005529612181000000000002            2  01055296121811121800000001822110000000001N011218000000000000000000000000000000000000000000000000000000000000000100005529616801JOAQUIM JORGE DA COSTA                  RUA CONEGO XAVIER - 13 - SACOMA - SAO PA            04231030                                                            000098
2SR. CAIXA, APOS O VENCIMENTO COBRAR 2% DE MULTA                                 NAO RECEBER APOS 30 DIAS DO VENCIMENTO.                                                                                                                                                                                                         01121800000000000000112180000000000000       0090339900006270055296121810000099
100000000000000000000009033990000627000000000000000000000000010002020022014112181500000000002            2  01220141121811121800000001816800000000001N011218000000000000000000000000000000000000000000000000000000000000000100022014140847CAMILA SILVEIRA CANIZARES               AVENIDA PRESIDENTE CASTELO BRANCO - 5.74            11703650                                                            000101
2SR. CAIXA, APOS O VENCIMENTO COBRAR 2% DE MULTA                                 NAO RECEBER APOS 30 DIAS DO VENCIMENTO.                                                                                                                                                                                                         01121800000000000000112180000000000000       0090339900006270220141121815000102
100000000000000000000009033990000627000000000000000000000000010002020015550712181700000000002            2  01155507121809121800000001705750000000001N011218000000000000000000000000000000000000000000000000000000000000000100015550706806MARY MIWA                               RUA CARLOS JOSE BORSTENS - 50 AP.105 - A            11702750                                                            000104
2SR. CAIXA, APOS O VENCIMENTO COBRAR 2% DE MULTA                                 NAO RECEBER APOS 30 DIAS DO VENCIMENTO.                                                                                                                                                                                                         01121800000000000000112180000000000000       0090339900006270155507121817000105
100000000000000000000009033990000627000000000000000000000000010002020015464612181700000000002            2  01154646121811121800000001915460000000001N011218000000000000000000000000000000000000000000000000000000000000000100015464647864SONIA TERESA VOLPATO                    RUA PEDRO BADRA - 51 AP.73 - JABAQUARA -            04348090                                                            000107
2SR. CAIXA, APOS O VENCIMENTO COBRAR 2% DE MULTA                                 NAO RECEBER APOS 30 DIAS DO VENCIMENTO.                                                                                                                                                                                                         01121800000000000000112180000000000000       0090339900006270154646121817000108
100000000000000000000009033990000627000000000000000000000000010002020008657812181600000000002            2  01086578121811121800000001896240000000001N011218000000000000000000000000000000000000000000000000000000000000000100008657886855ARLINDO DA CRUZ                         AVENIDA ARICANDUVA - 8.256 AP.54 BL.10 -            03951220                                                            000110
2SR. CAIXA, APOS O VENCIMENTO COBRAR 2% DE MULTA                                 NAO RECEBER APOS 30 DIAS DO VENCIMENTO.                                                                                                                                                                                                         01121800000000000000112180000000000000       0090339900006270086578121816000111
100000000000000000000009033990000627000000000000000000000000010002020004265712181600000000002            2  01042657121809121800000002513390000000001N011218000000000000000000000000000000000000000000000000000000000000000100004265781713ALEXANDRE CASADO COSTA                  RUA CARLOS JOSE BORSTENS - 50 AP.33 - AV            11702750                                                            000113
2SR. CAIXA, APOS O VENCIMENTO COBRAR 2% DE MULTA                                 NAO RECEBER APOS 30 DIAS DO VENCIMENTO.                                                                                                                                                                                                         01121800000000000000112180000000000000       0090339900006270042657121816000114
100000000000000000000009033990000627000000000000000000000000010002020059735112181400000000002            2  01597351121809121800000001061600000000001N011218000000000000000000000000000000000000000000000000000000000000000100059735180863HELIO JOSE MARQUES                      RUA MARTIM AFONSO DE SOUZA - 1007 AP.102            11702790                                                            000116
2SR. CAIXA, APOS O VENCIMENTO COBRAR 2% DE MULTA                                 NAO RECEBER APOS 30 DIAS DO VENCIMENTO.                                                                                                                                                                                                         01121800000000000000112180000000000000       0090339900006270597351121814000117
100000000000000000000009033990000627000000000000000000000000010002020026347812181800000000002            2  01263478121811121800000002027030000000001N011218000000000000000000000000000000000000000000000000000000000000000100026347872862VALDECI SILVA MEIRELES                  RUA JOSE BATISTA DA SILVA - 292 - JARDIM            06851470                                                            000119
2SR. CAIXA, APOS O VENCIMENTO COBRAR 2% DE MULTA                                 NAO RECEBER APOS 30 DIAS DO VENCIMENTO.                                                                                                                                                                                                         01121800000000000000112180000000000000       0090339900006270263478121818000120
100000000000000000000009033990000627000000000000000000000000010002020025443612181900000000002            2  01254436121809121800000003635740000000001N011218000000000000000000000000000000000000000000000000000000000000000100025443691830SILVANETE PEREIRA CARNELOS              RUA CARLOS JOSE BORSTENS - 50 AP.102 - A            11702750                                                            000122
2SR. CAIXA, APOS O VENCIMENTO COBRAR 2% DE MULTA                                 NAO RECEBER APOS 30 DIAS DO VENCIMENTO.                                                                                                                                                                                                         01121800000000000000112180000000000000       0090339900006270254436121819000123
100000000000000000000009033990000627000000000000000000000000010002020013135212181900000000002            2  01131352121811121800000001862350000000001N011218000000000000000000000000000000000000000000000000000000000000000100013135261859EDUARDO ZANOLA                          RUA ROLANDO PIETRO BONINI - 46 - JARDIM             09781040                                                            000125
2SR. CAIXA, APOS O VENCIMENTO COBRAR 2% DE MULTA                                 NAO RECEBER APOS 30 DIAS DO VENCIMENTO.                                                                                                                                                                                                         01121800000000000000112180000000000000       0090339900006270131352121819000126
100000000000000000000009033990000627000000000000000000000000010002020009797612181P00000000002            2  01097976121811121800000001813730000000001N011218000000000000000000000000000000000000000000000000000000000000000100009797626857RICARDO SOBRAL DE OLIVEIRA              RUA 23 DE MAIO - 139 AP.32 - VILA MIRIM             11704690                                                            000128
2SR. CAIXA, APOS O VENCIMENTO COBRAR 2% DE MULTA                                 NAO RECEBER APOS 30 DIAS DO VENCIMENTO.                                                                                                                                                                                                         01121800000000000000112180000000000000       009033990000627009797612181P000129
100000000000000000000009033990000627000000000000000000000000010002020004767612181000000000002            2  01047676121809121800000003070770000000001N011218000000000000000000000000000000000000000000000000000000000000000100004767679893ORLANDO GRANDE FILHO                    RUA ORLANDO MIGLIARI - 101 - JARDIM OURO            19906140                                                            000131
2SR. CAIXA, APOS O VENCIMENTO COBRAR 2% DE MULTA                                 NAO RECEBER APOS 30 DIAS DO VENCIMENTO.                                                                                                                                                                                                         01121800000000000000112180000000000000       0090339900006270047676121810000132
9                                                                                                                                                                                                                                                                                                                                                                                                         000133