01REMESSA01COBRANCA       00000000000005316116AIRES CONSTRUTORA E INCORPORAD237BRADESCO       050821        MX0000176                                                                                                                                                                                                                                                                                     000001
100000000000000000000009002800441612000000000000000000000000010002100007975908211500000000002            2  01079759082125082100000003943580000000001N050821000000000000000000000000000000000000000000000000000000000000000100007975958808JOCY VIGNADO                            RUA PEDRO GONCALVES SOBRINHO - 568 - PAR            13098641                                                            000002
2SR. CAIXA, APOS O VENCIMENTO COBRAR 10% DE MULTA                                NAO RECEBER APOS 30 DIAS DO VENCIMENTO.                                                                                                                                                                                                         05082100000000000000508210000000000000       0090028004416120079759082115000003
100000000000000000000009002800441612000000000000000000000000010002100023132608211700000000002            2  01231326082125082100000002302460000000001N050821000000000000000000000000000000000000000000000000000000000000000100023132672882LEANDRO MORENO                          RUA MONTE CASTELO - 296 AP.64 - AVIACAO             11702720                                                            000005
2SR. CAIXA, APOS O VENCIMENTO COBRAR 10% DE MULTA                                NAO RECEBER APOS 30 DIAS DO VENCIMENTO.                                                                                                                                                                                                         05082100000000000000508210000000000000       0090028004416120231326082117000006
100000000000000000000009002800441612000000000000000000000000010002100000666308211700000000002            2  01006663082125082100000003788120000000001N050821000000000000000000000000000000000000000000000000000000000000000100000666344825LUIZ HENRIQUE DE CAMPOS                 RUA JOAO CARLOS CAVALCANTI REIS - 21 - J            02281206                                                            000008
2SR. CAIXA, APOS O VENCIMENTO COBRAR 10% DE MULTA                                NAO RECEBER APOS 30 DIAS DO VENCIMENTO.                                                                                                                                                                                                         05082100000000000000508210000000000000       0090028004416120006663082117000009
100000000000000000000009002800441612000000000000000000000000010002100029155008211700000000002            2  01291550082125082100000004000390000000001N050821000000000000000000000000000000000000000000000000000000000000000100029155026842DANIELA YOSHIDA                         RUA MONTE CASTELO - 262 AP.34 - AVIACAO             11702720                                                            000011
2SR. CAIXA, APOS O VENCIMENTO COBRAR 10% DE MULTA                                NAO RECEBER APOS 30 DIAS DO VENCIMENTO.                                                                                                                                                                                                         05082100000000000000508210000000000000       0090028004416120291550082117000012
100000000000000000000009002800441612000000000000000000000000010002100001204408211000000000002            2  01012044082125082100000003257780000000001N050821000000000000000000000000000000000000000000000000000000000000000100001204431809CEZAR TALAVERA JUNIOR                   RUA MAESTRO ARTURO DE ANGELIS  - 190 AP.            05139010                                                            000014
2SR. CAIXA, APOS O VENCIMENTO COBRAR 10% DE MULTA                                NAO RECEBER APOS 30 DIAS DO VENCIMENTO.                                                                                                                                                                                                         05082100000000000000508210000000000000       0090028004416120012044082110000015
100000000000000000000009002800441612000000000000000000000000010002100004227508211P00000000002            2  01042275082125082100000004223050000000001N050821000000000000000000000000000000000000000000000000000000000000000100004227553970ALESSANDRO ISRAEL GOULART               RUA PROFESSORA CARLINDA RIBEIRO - 21 - F            02866200                                                            000017
2SR. CAIXA, APOS O VENCIMENTO COBRAR 10% DE MULTA                                NAO RECEBER APOS 30 DIAS DO VENCIMENTO.                                                                                                                                                                                                         05082100000000000000508210000000000000       009002800441612004227508211P000018
100000000000000000000009002800441612000000000000000000000000010002100001024708211300000000002            2  01010247082125082100000003682870000000001N050821000000000000000000000000000000000000000000000000000000000000000100001024794881CLAUDIO RODRIGUES                       RUA ARACATUBA - 242 - LAPA - SAO PAULO -            05058010                                                            000020
2SR. CAIXA, APOS O VENCIMENTO COBRAR 10% DE MULTA                                NAO RECEBER APOS 30 DIAS DO VENCIMENTO.                                                                                                                                                                                                         05082100000000000000508210000000000000       0090028004416120010247082113000021
100000000000000000000009002800441612000000000000000000000000010002100002225008211400000000002            2  01022250082125082100000005646350000000001N050821000000000000000000000000000000000000000000000000000000000000000100002225072841PEDRO EDUARDO DE AZEVEDO                RUA NATH ZILMAN - 46 - JARDIM SAMAMBAIA             07623085                                                            000023
2SR. CAIXA, APOS O VENCIMENTO COBRAR 10% DE MULTA                                NAO RECEBER APOS 30 DIAS DO VENCIMENTO.                                                                                                                                                                                                         05082100000000000000508210000000000000       0090028004416120022250082114000024
100000000000000000000009002800441612000000000000000000000000010002100022037508211200000000002            2  01220375082125082100000003929230000000001N050821000000000000000000000000000000000000000000000000000000000000000100022037552882ANDREIA CRISTINA FERNANDES DANTAS       PCA CASTRO ALVES - 163 AP.33 - VILA SAO             13224299                                                            000026
2SR. CAIXA, APOS O VENCIMENTO COBRAR 10% DE MULTA                                NAO RECEBER APOS 30 DIAS DO VENCIMENTO.                                                                                                                                                                                                         05082100000000000000508210000000000000       0090028004416120220375082112000027
100000000000000000000009002800441612000000000000000000000000010002100027198408211400000000002            2  01271984082125082100000002709970000000001N050821000000000000000000000000000000000000000000000000000000000000000100027198452809CRISTIANE AURELIANO DA SILVA MAIA       RUA MONTE CASTELO - 262 AP.25 - AVIACAO             11702720                                                            000029
2SR. CAIXA, APOS O VENCIMENTO COBRAR 10% DE MULTA                                NAO RECEBER APOS 30 DIAS DO VENCIMENTO.                                                                                                                                                                                                         05082100000000000000508210000000000000       0090028004416120271984082114000030
100000000000000000000009002800441612000000000000000000000000010002100021246208211800000000002            2  01212462082125082100000003307250000000001N050821000000000000000000000000000000000000000000000000000000000000000100021246231840ALEXANDRO DA CUNHA MIGUES               RUA DULCE - 71  - VILA CARRAO - SAO PAUL            03427040                                                            000032
2SR. CAIXA, APOS O VENCIMENTO COBRAR 10% DE MULTA                                NAO RECEBER APOS 30 DIAS DO VENCIMENTO.                                                                                                                                                                                                         05082100000000000000508210000000000000       0090028004416120212462082118000033
100000000000000000000009002800441612000000000000000000000000010002100018470508211800000000002            2  01184705082125082100000004865460000000001N050821000000000000000000000000000000000000000000000000000000000000000100018470520881SILVANA ALVES DE OLIVEIRA               RUA MONTE CASTELO - 262 AP.91 - AVIACAO             11702720                                                            000035
2SR. CAIXA, APOS O VENCIMENTO COBRAR 10% DE MULTA                                NAO RECEBER APOS 30 DIAS DO VENCIMENTO.                                                                                                                                                                                                         05082100000000000000508210000000000000       0090028004416120184705082118000036
100000000000000000000009002800441612000000000000000000000000010002100009297508211800000000002            2  01092975082125082100000003387260000000001N050821000000000000000000000000000000000000000000000000000000000000000100009297523846MARCOS ROBERTO DE CASTRO FERREIRA       RUA MONTE CASTELO - 262 AP.105 - AVIACAO            11702720                                                            000038
2SR. CAIXA, APOS O VENCIMENTO COBRAR 10% DE MULTA                                NAO RECEBER APOS 30 DIAS DO VENCIMENTO.                                                                                                                                                                                                         05082100000000000000508210000000000000       0090028004416120092975082118000039
100000000000000000000009002800441612000000000000000000000000010002100001164108211700000000002            2  01011641082125082100000004197610000000001N050821000000000000000000000000000000000000000000000000000000000000000100001164158864DAVID BLEY LACERDA                      RUA CONEGO ARAUJO MARCONDES - 188 - BAIR            02550080                                                            000041
2SR. CAIXA, APOS O VENCIMENTO COBRAR 10% DE MULTA                                NAO RECEBER APOS 30 DIAS DO VENCIMENTO.                                                                                                                                                                                                         05082100000000000000508210000000000000       0090028004416120011641082117000042
100000000000000000000009002800441612000000000000000000000000010002100031498008211000000000002            2  01314980082125082100000005101580000000001N050821000000000000000000000000000000000000000000000000000000000000000100031498008895POLIANE  SIBELE DA SILVA                PRACA GENERAL COSTA BARRETO - 56 AP.181             03325070                                                            000044
2SR. CAIXA, APOS O VENCIMENTO COBRAR 10% DE MULTA                                NAO RECEBER APOS 30 DIAS DO VENCIMENTO.                                                                                                                                                                                                         05082100000000000000508210000000000000       0090028004416120314980082110000045
100000000000000000000009002800441612000000000000000000000000010002100000588108211400000000002            2  01005881082125082100000002992170000000001N050821000000000000000000000000000000000000000000000000000000000000000100000588109860JOSE LIARTE GIANTE                      AVENIDA LUIZ GONZAGA DO AMARAL - 143 - J            09320630                                                            000047
2SR. CAIXA, APOS O VENCIMENTO COBRAR 10% DE MULTA                                NAO RECEBER APOS 30 DIAS DO VENCIMENTO.                                                                                                                                                                                                         05082100000000000000508210000000000000       0090028004416120005881082114000048
100000000000000000000009002800441612000000000000000000000000010002100014386808211700000000002            2  01143868082125082100000002393620000000001N050821000000000000000000000000000000000000000000000000000000000000000100014386860134SEVERINO CARLOS DE OLIVEIRA             RUA MONTE CASTELO - 262 AP.54 - AVIACAO             11702720                                                            000050
2SR. CAIXA, APOS O VENCIMENTO COBRAR 10% DE MULTA                                NAO RECEBER APOS 30 DIAS DO VENCIMENTO.                                                                                                                                                                                                         05082100000000000000508210000000000000       0090028004416120143868082117000051
100000000000000000000009002800441612000000000000000000000000010002100039393708211200000000002            2  01393937082125082100000001649730000000001N050821000000000000000000000000000000000000000000000000000000000000000100039393790850NAIRON RICARDO DE ARAUJO SANTOS         RUA NITEROI - 267 CASA 04 - JARDIM INDEP            11380350                                                            000053
2SR. CAIXA, APOS O VENCIMENTO COBRAR 10% DE MULTA                                NAO RECEBER APOS 30 DIAS DO VENCIMENTO.                                                                                                                                                                                                         05082100000000000000508210000000000000       0090028004416120393937082112000054
100000000000000000000009002800441612000000000000000000000000010002100004735208211100000000002            2  01047352082125082100000001701690000000001N050821000000000000000000000000000000000000000000000000000000000000000100004735273832DARIO LUIZ GONCALVES                    RUA MONTE CASTELO - 295 AP.113 - AVIACAO            11702720                                                            000056
2SR. CAIXA, APOS O VENCIMENTO COBRAR 10% DE MULTA                                NAO RECEBER APOS 30 DIAS DO VENCIMENTO.                                                                                                                                                                                                         05082100000000000000508210000000000000       0090028004416120047352082111000057
100000000000000000000009002800441612000000000000000000000000010002100019288708211000000000002            2  01192887082125082100000002221720000000001N050821000000000000000000000000000000000000000000000000000000000000000100019288787844EMERSON LUIZ MARTINEZ PEREIRA           RUA MONTE CASTELO - 296 AP.74 - AVIACAO             11702720                                                            000059
2SR. CAIXA, APOS O VENCIMENTO COBRAR 10% DE MULTA                                NAO RECEBER APOS 30 DIAS DO VENCIMENTO.                                                                                                                                                                                                         05082100000000000000508210000000000000       0090028004416120192887082110000060
9                                                                                                                                                                                                                                                                                                                                                                                                         000061