01REMESSA01COBRANCA       00000000000004991781AIRES CONSTRUTORA E INCORPORAD237BRADESCO       190417        MX0000080                                                                                                                                                                                                                                                                                     000001
100000000000000000000009077090006612500000000000000000000000010002100027982102112700000000002            2  01279821021121041700000000033330000000001N190417000000000000000000000000000000000000000000000000000000000000000100002252149892AIRES MOTA                              AV. BRASIL - 600 - BOQUEIRAO - PRAIA GRA            11701090                                                            000002
2SR. CAIXA, APOS O VENCIMENTO COBRAR 10% DE MULTA                                NAO RECEBER APOS 30 DIAS DO VENCIMENTO.                                                                                                                                                                                                         19041700000000000001904170000000000000       0090770900066125279821021127000003
9                                                                                                                                                                                                                                                                                                                                                                                                         000004