01REMESSA01COBRANCA       00000000000008017025HB SANTOS CONSTRUTORA E INCORP237BRADESCO       010719        MX0000082                                                                                                                                                                                                                                                                                     000001
100000000000000000000009033990000627000000000000000000000000010002020029671507191500000000002            2  01296715071909071900000002494510000000001N010719000000000000000000000000000000000000000000000000000000000000000100029671526845ROGERIO CONSENTINO                      RUA CARLOS MAZER  - 678 - VILA CARMOSINA            08290700                                                            000002
2SR. CAIXA, APOS O VENCIMENTO COBRAR 2% DE MULTA                                 NAO RECEBER APOS 30 DIAS DO VENCIMENTO.                                                                                                                                                                                                         01071900000000000000107190000000000000       0090339900006270296715071915000003
100000000000000000000009033990000627000000000000000000000000010002020003863007191700000000002            2  01038630071909071900000002356280000000001N010719000000000000000000000000000000000000000000000000000000000000000100003863075803HERALDO MENQUINI                        RUA CARLOS JOSE BORSTENS - 50 AP.15 - AV            11702750                                                            000005
2SR. CAIXA, APOS O VENCIMENTO COBRAR 2% DE MULTA                                 NAO RECEBER APOS 30 DIAS DO VENCIMENTO.                                                                                                                                                                                                         01071900000000000000107190000000000000       0090339900006270038630071917000006
100000000000000000000009033990000627000000000000000000000000010002020029028407191400000000002            2  01290284071909071900000002413770000000001N010719000000000000000000000000000000000000000000000000000000000000000100029028478825LEONARDO LOUZADA                        RUA CARLOS JOSE BORSTENS - 50 AP.35 - AV            11702750                                                            000008
2SR. CAIXA, APOS O VENCIMENTO COBRAR 2% DE MULTA                                 NAO RECEBER APOS 30 DIAS DO VENCIMENTO.                                                                                                                                                                                                         01071900000000000000107190000000000000       0090339900006270290284071914000009
100000000000000000000009033990000627000000000000000000000000010002020032878507191100000000002            2  01328785071909071900000003488370000000001N010719000000000000000000000000000000000000000000000000000000000000000100032878512847LEONARDO MOURA MONIZ CALDEIRA           RUA BALSA - 682 AP.134 T.02 - VILA ARCAD            02910000                                                            000011
2SR. CAIXA, APOS O VENCIMENTO COBRAR 2% DE MULTA                                 NAO RECEBER APOS 30 DIAS DO VENCIMENTO.                                                                                                                                                                                                         01071900000000000000107190000000000000       0090339900006270328785071911000012
100000000000000000000009033990000627000000000000000000000000010002020016479007191900000000002            2  01164790071909071900000003711010000000001N010719000000000000000000000000000000000000000000000000000000000000000100016479002806LOURDES PEREIRA DE QUEIROZ SECANECHIA   RUA PAULINO CURSI - 437 - CIDADE SAO MAT            03960060                                                            000014
2SR. CAIXA, APOS O VENCIMENTO COBRAR 2% DE MULTA                                 NAO RECEBER APOS 30 DIAS DO VENCIMENTO.                                                                                                                                                                                                         01071900000000000000107190000000000000       0090339900006270164790071919000015
100000000000000000000009033990000627000000000000000000000000010002020019635007191600000000002            2  01196350071909071900000002738070000000001N010719000000000000000000000000000000000000000000000000000000000000000100019635091885IVAN VIEIRA SILVA                       ABRAO JORGE - 3001 - JARDIM INTEGRACAO -            14405397                                                            000017
2SR. CAIXA, APOS O VENCIMENTO COBRAR 2% DE MULTA                                 NAO RECEBER APOS 30 DIAS DO VENCIMENTO.                                                                                                                                                                                                         01071900000000000000107190000000000000       0090339900006270196350071916000018
100000000000000000000009033990000627000000000000000000000000010002020009361407191600000000002            2  01093614071909071900000002694200000000001N010719000000000000000000000000000000000000000000000000000000000000000100009361471805JOSE BARBOSA DA SILVA                   RUA ALFREDO INACIO TRINDADE  - 60 AP.44             02344100                                                            000020
2SR. CAIXA, APOS O VENCIMENTO COBRAR 2% DE MULTA                                 NAO RECEBER APOS 30 DIAS DO VENCIMENTO.                                                                                                                                                                                                         01071900000000000000107190000000000000       0090339900006270093614071916000021
100000000000000000000009033990000627000000000000000000000000010002020012756907191P00000000002            2  01127569071909071900000002325680000000001N010719000000000000000000000000000000000000000000000000000000000000000100012756959812ITAMAR JUVENAL DIAS DA SILVA            RUA ELISEU REINALDO MORAES VIEIRA - 90 A            02858000                                                            000023
2SR. CAIXA, APOS O VENCIMENTO COBRAR 2% DE MULTA                                 NAO RECEBER APOS 30 DIAS DO VENCIMENTO.                                                                                                                                                                                                         01071900000000000000107190000000000000       009033990000627012756907191P000024
100000000000000000000009033990000627000000000000000000000000010002020002731007191700000000002            2  01027310071909071900000002749580000000001N010719000000000000000000000000000000000000000000000000000000000000000100002731042842VALTER CERQUEIRA VILLA NOVA             RUA MACHADO - 106 - VILA AUGUSTA - GUARU            07025210                                                            000026
2SR. CAIXA, APOS O VENCIMENTO COBRAR 2% DE MULTA                                 NAO RECEBER APOS 30 DIAS DO VENCIMENTO.                                                                                                                                                                                                         01071900000000000000107190000000000000       0090339900006270027310071917000027
100000000000000000000009033990000627000000000000000000000000010002020002731007192500000000002            2  01027310071909071900000002749450000000001N010719000000000000000000000000000000000000000000000000000000000000000100002731042842VALTER CERQUEIRA VILLA NOVA             RUA MACHADO - 106 - VILA AUGUSTA - GUARU            07025210                                                            000029
2SR. CAIXA, APOS O VENCIMENTO COBRAR 2% DE MULTA                                 NAO RECEBER APOS 30 DIAS DO VENCIMENTO.                                                                                                                                                                                                         01071900000000000000107190000000000000       0090339900006270027310071925000030
100000000000000000000009033990000627000000000000000000000000010002020028802107191500000000002            2  01288021071909071900000002482810000000001N010719000000000000000000000000000000000000000000000000000000000000000100028802158894ELIEL HENRIQUE ZUZA                     RUA CARLOS JOSE BORSTENS - 50 AP.43 - BA            11702750                                                            000032
2SR. CAIXA, APOS O VENCIMENTO COBRAR 2% DE MULTA                                 NAO RECEBER APOS 30 DIAS DO VENCIMENTO.                                                                                                                                                                                                         01071900000000000000107190000000000000       0090339900006270288021071915000033
100000000000000000000009033990000627000000000000000000000000010002020008739107191900000000002            2  01087391071909071900000002322060000000001N010719000000000000000000000000000000000000000000000000000000000000000100008739150895VANGEVALDO BATISTA SANT ANNA            TRAVESSA TOMAZIN - 02 - ERMELINO MATARAZ            03811125                                                            000035
2SR. CAIXA, APOS O VENCIMENTO COBRAR 2% DE MULTA                                 NAO RECEBER APOS 30 DIAS DO VENCIMENTO.                                                                                                                                                                                                         01071900000000000000107190000000000000       0090339900006270087391071919000036
100000000000000000000009033990000627000000000000000000000000010002020005313707191500000000002            2  01053137071911071900000002006950000000001N010719000000000000000000000000000000000000000000000000000000000000000100005313717863EDIMICIO JOSE DE ARAUJO                 PRACA NICOLAU GERAIGIRE - 680 CA A - JAR            11095110                                                            000038
2SR. CAIXA, APOS O VENCIMENTO COBRAR 2% DE MULTA                                 NAO RECEBER APOS 30 DIAS DO VENCIMENTO.                                                                                                                                                                                                         01071900000000000000107190000000000000       0090339900006270053137071915000039
100000000000000000000009033990000627000000000000000000000000010002020029433607191300000000002            2  01294336071911071900000001927990000000001N010719000000000000000000000000000000000000000000000000000000000000000100029433631897MARIO MUNIZ                             AVENIDA PRESIDENTE CASTELO BRANCO - 7328            11704305                                                            000041
2SR. CAIXA, APOS O VENCIMENTO COBRAR 2% DE MULTA                                 NAO RECEBER APOS 30 DIAS DO VENCIMENTO.                                                                                                                                                                                                         01071900000000000000107190000000000000       0090339900006270294336071913000042
100000000000000000000009033990000627000000000000000000000000010002020001847207191100000000002            2  01018472071911071900000001774960000000001N010719000000000000000000000000000000000000000000000000000000000000000100001847204864AMERICA CONCEICAO DA SILVA              RUA CAMINHO DO GUARAMAR - 199 AP.11 BLOC            11721050                                                            000044
2SR. CAIXA, APOS O VENCIMENTO COBRAR 2% DE MULTA                                 NAO RECEBER APOS 30 DIAS DO VENCIMENTO.                                                                                                                                                                                                         01071900000000000000107190000000000000       0090339900006270018472071911000045
100000000000000000000009033990000627000000000000000000000000010002020005029807191600000000002            2  01050298071909071900000002371180000000001N010719000000000000000000000000000000000000000000000000000000000000000100005029828885LAURINETE DA CONCEICAO DE NORONHA       RUA MARIA LUCIA DE TOLEDO LEITE MORAES -            04434040                                                            000047
2SR. CAIXA, APOS O VENCIMENTO COBRAR 2% DE MULTA                                 NAO RECEBER APOS 30 DIAS DO VENCIMENTO.                                                                                                                                                                                                         01071900000000000000107190000000000000       0090339900006270050298071916000048
100000000000000000000009033990000627000000000000000000000000010002020027682107191500000000002            2  01276821071911071900000001871200000000001N010719000000000000000000000000000000000000000000000000000000000000000100027682175818ALINE TEIXEIRA                          RUA CRUZEIRO DO SUL - 309 - JARDIM BOM P            06385060                                                            000050
2SR. CAIXA, APOS O VENCIMENTO COBRAR 2% DE MULTA                                 NAO RECEBER APOS 30 DIAS DO VENCIMENTO.                                                                                                                                                                                                         01071900000000000000107190000000000000       0090339900006270276821071915000051
100000000000000000000009033990000627000000000000000000000000010002020013388907191800000000002            2  01133889071911071900000001879500000000001N010719000000000000000000000000000000000000000000000000000000000000000100013388936889NEUTON DE SOUZA RAMOS                   RUA MARIA CRISTINA - 932 - JARDIM CASQUE            11533160                                                            000053
2SR. CAIXA, APOS O VENCIMENTO COBRAR 2% DE MULTA                                 NAO RECEBER APOS 30 DIAS DO VENCIMENTO.                                                                                                                                                                                                         01071900000000000000107190000000000000       0090339900006270133889071918000054
100000000000000000000009033990000627000000000000000000000000010002020012774907191800000000002            2  01127749071911071900000001914780000000001N010719000000000000000000000000000000000000000000000000000000000000000100012774906865JOSE MILTON SANTIAGO                    RUA BATATAIS - 47 - CIDADE ESTELA - POA             08563140                                                            000056
2SR. CAIXA, APOS O VENCIMENTO COBRAR 2% DE MULTA                                 NAO RECEBER APOS 30 DIAS DO VENCIMENTO.                                                                                                                                                                                                         01071900000000000000107190000000000000       0090339900006270127749071918000057
100000000000000000000009033990000627000000000000000000000000010002020016294107191300000000002            2  01162941071909071900000002354160000000001N010719000000000000000000000000000000000000000000000000000000000000000100016294119812JURACY FELIX DE ARRUDA                  RUA CARLOS JOSE BORSTENS - 50 AP.23 - AV            11702750                                                            000059
2SR. CAIXA, APOS O VENCIMENTO COBRAR 2% DE MULTA                                 NAO RECEBER APOS 30 DIAS DO VENCIMENTO.                                                                                                                                                                                                         01071900000000000000107190000000000000       0090339900006270162941071913000060
100000000000000000000009033990000627000000000000000000000000010002020005613807191800000000002            2  01056138071911071900000001761070000000001N010719000000000000000000000000000000000000000000000000000000000000000100005613843805NILZA MARIA DE OLIVEIRA                 RUA JOSE GONCALVES DE FREITAS - 66 C2 -             08210550                                                            000062
2SR. CAIXA, APOS O VENCIMENTO COBRAR 2% DE MULTA                                 NAO RECEBER APOS 30 DIAS DO VENCIMENTO.                                                                                                                                                                                                         01071900000000000000107190000000000000       0090339900006270056138071918000063
100000000000000000000009033990000627000000000000000000000000010002020007574907191800000000002            2  01075749071911071900000001807700000000001N010719000000000000000000000000000000000000000000000000000000000000000100007574936889JORGE LUCIANO PEREIRA BORRIELLO         RUA FABIO DE ALMEIDA MAGALHAES - 179 - J            05135370                                                            000065
2SR. CAIXA, APOS O VENCIMENTO COBRAR 2% DE MULTA                                 NAO RECEBER APOS 30 DIAS DO VENCIMENTO.                                                                                                                                                                                                         01071900000000000000107190000000000000       0090339900006270075749071918000066
100000000000000000000009033990000627000000000000000000000000010002020032408107191000000000002            2  01324081071911071900000002080320000000001N010719000000000000000000000000000000000000000000000000000000000000000100032408151848DEILSON DO NASCIMENTO CANDIDO DA SILVA  RUA JOSE CALIXTO DO CARMO - 286 AP.62 -             11702690                                                            000068
2SR. CAIXA, APOS O VENCIMENTO COBRAR 2% DE MULTA                                 NAO RECEBER APOS 30 DIAS DO VENCIMENTO.                                                                                                                                                                                                         01071900000000000000107190000000000000       0090339900006270324081071910000069
100000000000000000000009033990000627000000000000000000000000010002020008214907191000000000002            2  01082149071911071900000001835140000000001N010719000000000000000000000000000000000000000000000000000000000000000100008214973830JAMIL CHALA                             RUA JOSE CALIXTO DO CARMO - 286 AP.22 -             11702690                                                            000071
2SR. CAIXA, APOS O VENCIMENTO COBRAR 2% DE MULTA                                 NAO RECEBER APOS 30 DIAS DO VENCIMENTO.                                                                                                                                                                                                         01071900000000000000107190000000000000       0090339900006270082149071910000072
100000000000000000000009033990000627000000000000000000000000010002020032495007191800000000002            2  01324950071911071900000002056510000000001N010719000000000000000000000000000000000000000000000000000000000000000100032495004881PAULO EDUARDO DOS SANTOS                RUA REPUBLICA DO IRAQUE - 1119 - CAMPO B            04611002                                                            000074
2SR. CAIXA, APOS O VENCIMENTO COBRAR 2% DE MULTA                                 NAO RECEBER APOS 30 DIAS DO VENCIMENTO.                                                                                                                                                                                                         01071900000000000000107190000000000000       0090339900006270324950071918000075
100000000000000000000009033990000627000000000000000000000000010002020006471807191800000000002            2  01064718071909071900000002317740000000001N010719000000000000000000000000000000000000000000000000000000000000000100006471825803JOSIVALDO BASTOS DE OLIVEIRA            RUA MARIA DIAS HOG - 263 - PARQUE CONTIN            07085035                                                            000077
2SR. CAIXA, APOS O VENCIMENTO COBRAR 2% DE MULTA                                 NAO RECEBER APOS 30 DIAS DO VENCIMENTO.                                                                                                                                                                                                         01071900000000000000107190000000000000       0090339900006270064718071918000078
100000000000000000000009033990000627000000000000000000000000010002020038856807191400000000002            2  01388568071911071900000001906430000000001N010719000000000000000000000000000000000000000000000000000000000000000100038856851830FELIPE BIANCHI DA COSTA FREITAS         RUA JOSE CALIXTO DO CARMO - 286 AP.23 -             11702690                                                            000080
2SR. CAIXA, APOS O VENCIMENTO COBRAR 2% DE MULTA                                 NAO RECEBER APOS 30 DIAS DO VENCIMENTO.                                                                                                                                                                                                         01071900000000000000107190000000000000       0090339900006270388568071914000081
100000000000000000000009033990000627000000000000000000000000010002020016498007191500000000002            2  01164980071911071900000001803600000000001N010719000000000000000000000000000000000000000000000000000000000000000100016498053810GILMA CEZARIO GARCIA CORRITORI          RUA LAURENTINO XAVIER DOS SANTOS - 336 -            08240740                                                            000083
2SR. CAIXA, APOS O VENCIMENTO COBRAR 2% DE MULTA                                 NAO RECEBER APOS 30 DIAS DO VENCIMENTO.                                                                                                                                                                                                         01071900000000000000107190000000000000       0090339900006270164980071915000084
100000000000000000000009033990000627000000000000000000000000010002020029339007191400000000002            2  01293390071911071900000001928650000000001N010719000000000000000000000000000000000000000000000000000000000000000100029339051831RONALD DIDOFF                           RUA CORONEL FERREIRA BRAGA - 188 - VILA             03522010                                                            000086
2SR. CAIXA, APOS O VENCIMENTO COBRAR 2% DE MULTA                                 NAO RECEBER APOS 30 DIAS DO VENCIMENTO.                                                                                                                                                                                                         01071900000000000000107190000000000000       0090339900006270293390071914000087
100000000000000000000009033990000627000000000000000000000000010002020017357807191600000000002            2  01173578071911071900000002042610000000001N010719000000000000000000000000000000000000000000000000000000000000000100017357859894MARCIO GUIMARAES                        RUA GENERAL CAMARA - 188 SALA 11 - CENTR            11010120                                                            000089
2SR. CAIXA, APOS O VENCIMENTO COBRAR 2% DE MULTA                                 NAO RECEBER APOS 30 DIAS DO VENCIMENTO.                                                                                                                                                                                                         01071900000000000000107190000000000000       0090339900006270173578071916000090
100000000000000000000009033990000627000000000000000000000000010002020010563007191600000000002            2  01105630071911071900000002094810000000001N010719000000000000000000000000000000000000000000000000000000000000000100010563033878VERA LUCIA RIBEIRO LONGANEZI            RUA DOS CAMARES - 150 AP.24 BL.02 - CARA            02068030                                                            000092
2SR. CAIXA, APOS O VENCIMENTO COBRAR 2% DE MULTA                                 NAO RECEBER APOS 30 DIAS DO VENCIMENTO.                                                                                                                                                                                                         01071900000000000000107190000000000000       0090339900006270105630071916000093
100000000000000000000009033990000627000000000000000000000000010002020005529607191000000000002            2  01055296071911071900000001900970000000001N010719000000000000000000000000000000000000000000000000000000000000000100005529616801JOAQUIM JORGE DA COSTA                  RUA JOSE CALIXTO DO CARMO - 286 AP.106 -            11702690                                                            000095
2SR. CAIXA, APOS O VENCIMENTO COBRAR 2% DE MULTA                                 NAO RECEBER APOS 30 DIAS DO VENCIMENTO.                                                                                                                                                                                                         01071900000000000000107190000000000000       0090339900006270055296071910000096
100000000000000000000009033990000627000000000000000000000000010002020022014107191500000000002            2  01220141071911071900000001895420000000001N010719000000000000000000000000000000000000000000000000000000000000000100022014140847CAMILA SILVEIRA CANIZARES               AVENIDA PRESIDENTE CASTELO BRANCO - 5.74            11703650                                                            000098
2SR. CAIXA, APOS O VENCIMENTO COBRAR 2% DE MULTA                                 NAO RECEBER APOS 30 DIAS DO VENCIMENTO.                                                                                                                                                                                                         01071900000000000000107190000000000000       0090339900006270220141071915000099
100000000000000000000009033990000627000000000000000000000000010002020015550707191700000000002            2  01155507071909071900000001797340000000001N010719000000000000000000000000000000000000000000000000000000000000000100015550706806MARY MIWA                               RUA CARLOS JOSE BORSTENS - 50 AP.105 - A            11702750                                                            000101
2SR. CAIXA, APOS O VENCIMENTO COBRAR 2% DE MULTA                                 NAO RECEBER APOS 30 DIAS DO VENCIMENTO.                                                                                                                                                                                                         01071900000000000000107190000000000000       0090339900006270155507071917000102
100000000000000000000009033990000627000000000000000000000000010002020015464607191700000000002            2  01154646071911071900000001998370000000001N010719000000000000000000000000000000000000000000000000000000000000000100015464647864SONIA TERESA VOLPATO                    RUA PEDRO BADRA - 51 AP.73 - JABAQUARA -            04348090                                                            000104
2SR. CAIXA, APOS O VENCIMENTO COBRAR 2% DE MULTA                                 NAO RECEBER APOS 30 DIAS DO VENCIMENTO.                                                                                                                                                                                                         01071900000000000000107190000000000000       0090339900006270154646071917000105
100000000000000000000009033990000627000000000000000000000000010002020008657807191600000000002            2  01086578071911071900000001978310000000001N010719000000000000000000000000000000000000000000000000000000000000000100008657886855ARLINDO DA CRUZ                         AVENIDA ARICANDUVA - 8.256 AP.54 BL.10 -            03951220                                                            000107
2SR. CAIXA, APOS O VENCIMENTO COBRAR 2% DE MULTA                                 NAO RECEBER APOS 30 DIAS DO VENCIMENTO.                                                                                                                                                                                                         01071900000000000000107190000000000000       0090339900006270086578071916000108
100000000000000000000009033990000627000000000000000000000000010002020004265707191600000000002            2  01042657071909071900000002648340000000001N010719000000000000000000000000000000000000000000000000000000000000000100004265781713ALEXANDRE CASADO COSTA                  RUA CARLOS JOSE BORSTENS - 50 AP.33 - AV            11702750                                                            000110
2SR. CAIXA, APOS O VENCIMENTO COBRAR 2% DE MULTA                                 NAO RECEBER APOS 30 DIAS DO VENCIMENTO.                                                                                                                                                                                                         01071900000000000000107190000000000000       0090339900006270042657071916000111
100000000000000000000009033990000627000000000000000000000000010002020059735107191400000000002            2  01597351071909071900000001118600000000001N010719000000000000000000000000000000000000000000000000000000000000000100059735180863HELIO JOSE MARQUES                      RUA MARTIM AFONSO DE SOUZA - 1007 AP.102            11702790                                                            000113
2SR. CAIXA, APOS O VENCIMENTO COBRAR 2% DE MULTA                                 NAO RECEBER APOS 30 DIAS DO VENCIMENTO.                                                                                                                                                                                                         01071900000000000000107190000000000000       0090339900006270597351071914000114
100000000000000000000009033990000627000000000000000000000000010002020026347807191800000000002            2  01263478071911071900000002114770000000001N010719000000000000000000000000000000000000000000000000000000000000000100026347872862VALDECI SILVA MEIRELES                  RUA JOSE BATISTA DA SILVA - 292 - JARDIM            06851470                                                            000116
2SR. CAIXA, APOS O VENCIMENTO COBRAR 2% DE MULTA                                 NAO RECEBER APOS 30 DIAS DO VENCIMENTO.                                                                                                                                                                                                         01071900000000000000107190000000000000       0090339900006270263478071918000117
100000000000000000000009033990000627000000000000000000000000010002020025443607191900000000002            2  01254436071909071900000003830980000000001N010719000000000000000000000000000000000000000000000000000000000000000100025443691830SILVANETE PEREIRA CARNELOS              RUA CARLOS JOSE BORSTENS - 50 AP.102 - A            11702750                                                            000119
2SR. CAIXA, APOS O VENCIMENTO COBRAR 2% DE MULTA                                 NAO RECEBER APOS 30 DIAS DO VENCIMENTO.                                                                                                                                                                                                         01071900000000000000107190000000000000       0090339900006270254436071919000120
100000000000000000000009033990000627000000000000000000000000010002020013135207191900000000002            2  01131352071911071900000001942950000000001N010719000000000000000000000000000000000000000000000000000000000000000100013135261859EDUARDO ZANOLA                          RUA ROLANDO PIETRO BONINI - 46 - JARDIM             09781040                                                            000122
2SR. CAIXA, APOS O VENCIMENTO COBRAR 2% DE MULTA                                 NAO RECEBER APOS 30 DIAS DO VENCIMENTO.                                                                                                                                                                                                         01071900000000000000107190000000000000       0090339900006270131352071919000123
100000000000000000000009033990000627000000000000000000000000010002020009797607191P00000000002            2  01097976071911071900000001892230000000001N010719000000000000000000000000000000000000000000000000000000000000000100009797626857RICARDO SOBRAL DE OLIVEIRA              RUA 23 DE MAIO - 139 AP.32 - VILA MIRIM             11704690                                                            000125
2SR. CAIXA, APOS O VENCIMENTO COBRAR 2% DE MULTA                                 NAO RECEBER APOS 30 DIAS DO VENCIMENTO.                                                                                                                                                                                                         01071900000000000000107190000000000000       009033990000627009797607191P000126
100000000000000000000009033990000627000000000000000000000000010002020004767607191000000000002            2  01047676071909071900000003235660000000001N010719000000000000000000000000000000000000000000000000000000000000000100004767679893ORLANDO GRANDE FILHO                    RUA ORLANDO MIGLIARI - 101 - JARDIM OURO            19906140                                                            000128
2SR. CAIXA, APOS O VENCIMENTO COBRAR 2% DE MULTA                                 NAO RECEBER APOS 30 DIAS DO VENCIMENTO.                                                                                                                                                                                                         01071900000000000000107190000000000000       0090339900006270047676071910000129
100000000000000000000009033990000627000000000000000000000000010002020006512507191800000000002            2  01065125071911071900000001702140000000001N010719000000000000000000000000000000000000000000000000000000000000000100006512547870MARIA DO CARMO FAGUNDES DOS REIS        RUA CARLOS MALCHER - 98 - PARQUE EDU CHA            02232020                                                            000131
2SR. CAIXA, APOS O VENCIMENTO COBRAR 2% DE MULTA                                 NAO RECEBER APOS 30 DIAS DO VENCIMENTO.                                                                                                                                                                                                         01071900000000000000107190000000000000       0090339900006270065125071918000132
100000000000000000000009033990000627000000000000000000000000010002020022728407191000000000002            2  01227284071911071900000002047500000000001N010719000000000000000000000000000000000000000000000000000000000000000100022728497842WILLIAN DE SOUZA MELLO                  RUA JOSE CALIXTO DO CARMO - 286 AP.111 -            11702690                                                            000134
2SR. CAIXA, APOS O VENCIMENTO COBRAR 2% DE MULTA                                 NAO RECEBER APOS 30 DIAS DO VENCIMENTO.                                                                                                                                                                                                         01071900000000000000107190000000000000       0090339900006270227284071910000135
100000000000000000000009033990000627000000000000000000000000010002020016909707191500000000002            2  01169097071911071900000001809360000000001N010719000000000000000000000000000000000000000000000000000000000000000100016909746805EDIVALDO SANTANA DOS SANTOS             ESTRADA JOAO GASPAR DELGADO - 80 AP.213             08536100                                                            000137
2SR. CAIXA, APOS O VENCIMENTO COBRAR 2% DE MULTA                                 NAO RECEBER APOS 30 DIAS DO VENCIMENTO.                                                                                                                                                                                                         01071900000000000000107190000000000000       0090339900006270169097071915000138
100000000000000000000009033990000627000000000000000000000000010002020022036007191200000000002            2  01220360071909071900000002809730000000001N010719000000000000000000000000000000000000000000000000000000000000000100022036003818DERLIS TERAN QUIROGA ROGATO             RUA JOAO RIBEIRO - 709 AP.61 - CAMPESTRE            09070250                                                            000140
2SR. CAIXA, APOS O VENCIMENTO COBRAR 2% DE MULTA                                 NAO RECEBER APOS 30 DIAS DO VENCIMENTO.                                                                                                                                                                                                         01071900000000000000107190000000000000       0090339900006270220360071912000141
100000000000000000000009033990000627000000000000000000000000010002020018469707191800000000002            2  01184697071911071900000001961230000000001N010719000000000000000000000000000000000000000000000000000000000000000100018469770888PAULO COELHO DA SILVA                   RUA AURELIO BELOTTI JUNIOR - 28 - JARDIM            05759210                                                            000143
2SR. CAIXA, APOS O VENCIMENTO COBRAR 2% DE MULTA                                 NAO RECEBER APOS 30 DIAS DO VENCIMENTO.                                                                                                                                                                                                         01071900000000000000107190000000000000       0090339900006270184697071918000144
9                                                                                                                                                                                                                                                                                                                                                                                                         000145