01REMESSA01COBRANCA       00000000000005331186HB SANTOS CONSTRUTORA E INCORP237BRADESCO       100723        MX0000076                                                                                                                                                                                                                                                                                     000001
100000000000000000000009033990000995400000000000000000000000010002020005723207231200000000002            2  01057232072323072300000003083070000000001N100723000000000000000000000000000000000000000000000000000000000000000100005723255843FRANCISCO DE ASSIS DA SILVA             PRACA NICOLAU GERAIGIRE - 25 VISOR - JAR            11095110                                                            000002
2SR. CAIXA, APOS O VENCIMENTO COBRAR 2% DE MULTA                                 NAO RECEBER APOS 30 DIAS DO VENCIMENTO.                                                                                                                                                                                                         10072300000000000001007230000000000000       0090339900009954057232072312000003
100000000000000000000009033990000995400000000000000000000000010002020032589107231600000000002            2  01325891072323072300000002917230000000001N100723000000000000000000000000000000000000000000000000000000000000000100032589165862RENATA ISABEL MARTINS SILVA             RUA HERCULANO DE FREITAS - 257 - FUNDACA            09520280                                                            000005
2SR. CAIXA, APOS O VENCIMENTO COBRAR 2% DE MULTA                                 NAO RECEBER APOS 30 DIAS DO VENCIMENTO.                                                                                                                                                                                                         10072300000000000001007230000000000000       0090339900009954325891072316000006
100000000000000000000009033990000995400000000000000000000000010002020046391207231500000000002            2  01463912072323072300000003059060000000001N100723000000000000000000000000000000000000000000000000000000000000000100046391265810PAMELLA RODRIGUES DE OLIVEIRA           RUA AUGUSTA - 183 AP.301 BL.2A - VILA AU            07025130                                                            000008
2SR. CAIXA, APOS O VENCIMENTO COBRAR 2% DE MULTA                                 NAO RECEBER APOS 30 DIAS DO VENCIMENTO.                                                                                                                                                                                                         10072300000000000001007230000000000000       0090339900009954463912072315000009
100000000000000000000009033990000995400000000000000000000000010002020027964507231300000000002            2  01279645072323072300000003039440000000001N100723000000000000000000000000000000000000000000000000000000000000000100027964512838FABIO TADEU DE CAMPOS RADZIAVICIUS      RUA URUGUAI - 89 AP.94 - JARDIM GUILHERM            11702300                                                            000011
2SR. CAIXA, APOS O VENCIMENTO COBRAR 2% DE MULTA                                 NAO RECEBER APOS 30 DIAS DO VENCIMENTO.                                                                                                                                                                                                         10072300000000000001007230000000000000       0090339900009954279645072313000012
100000000000000000000009033990000995400000000000000000000000010002020011498307231100000000002            2  01114983072323072300000002277210000000001N100723000000000000000000000000000000000000000000000000000000000000000100011498329837GERSON GERALDO DAS NEVES                RUA DOMINGOS DELGADO - 144 - VILA SOUZA             02881070                                                            000014
2SR. CAIXA, APOS O VENCIMENTO COBRAR 2% DE MULTA                                 NAO RECEBER APOS 30 DIAS DO VENCIMENTO.                                                                                                                                                                                                         10072300000000000001007230000000000000       0090339900009954114983072311000015
100000000000000000000009033990000995400000000000000000000000010002020025214407231800000000002            2  01252144072323072300000002695510000000001N100723000000000000000000000000000000000000000000000000000000000000000100025214401833JOSE MAURICIO DOS SANTOS RODRIGUES      RUA JOAO DE MACEDO RIBEIRO - 49 - VILA N            08111101                                                            000017
2SR. CAIXA, APOS O VENCIMENTO COBRAR 2% DE MULTA                                 NAO RECEBER APOS 30 DIAS DO VENCIMENTO.                                                                                                                                                                                                         10072300000000000001007230000000000000       0090339900009954252144072318000018
100000000000000000000009033990000995400000000000000000000000010002020033119107231500000000002            2  01331191072323072300000002706920000000001N100723000000000000000000000000000000000000000000000000000000000000000100033119178802HUGO GOMES VENDRAME                     RUA SAO PAULO - 60 CASA 01 - VILA FREITA            06380110                                                            000020
2SR. CAIXA, APOS O VENCIMENTO COBRAR 2% DE MULTA                                 NAO RECEBER APOS 30 DIAS DO VENCIMENTO.                                                                                                                                                                                                         10072300000000000001007230000000000000       0090339900009954331191072315000021
100000000000000000000009033990000995400000000000000000000000010002020016631507231800000000002            2  01166315072323072300000002754170000000001N100723000000000000000000000000000000000000000000000000000000000000000100016631587468GILBERTO BEZERRA DA SILVA               AVENIDA JAIME TORRES - 745 CASA 3 - JARD            03670000                                                            000023
2SR. CAIXA, APOS O VENCIMENTO COBRAR 2% DE MULTA                                 NAO RECEBER APOS 30 DIAS DO VENCIMENTO.                                                                                                                                                                                                         10072300000000000001007230000000000000       0090339900009954166315072318000024
100000000000000000000009033990000995400000000000000000000000010002020007313207231000000000002            2  01073132072323072300000002734600000000001N100723000000000000000000000000000000000000000000000000000000000000000100007313251840SALVADOR GESUALDO PULVIRENTI            AVENIDA MARARI - 641 - VILA MARARI - SAO            04402010                                                            000026
2SR. CAIXA, APOS O VENCIMENTO COBRAR 2% DE MULTA                                 NAO RECEBER APOS 30 DIAS DO VENCIMENTO.                                                                                                                                                                                                         10072300000000000001007230000000000000       0090339900009954073132072310000027
100000000000000000000009033990000995400000000000000000000000010002020010676707231200000000002            2  01106767072323072300000002854270000000001N100723000000000000000000000000000000000000000000000000000000000000000100010676723896MERCEDES CRISTINA ROCHA SANDOVAL        RUA URUGUAI - 89 AP.83 - JARDIM GUILHERM            11702300                                                            000029
2SR. CAIXA, APOS O VENCIMENTO COBRAR 2% DE MULTA                                 NAO RECEBER APOS 30 DIAS DO VENCIMENTO.                                                                                                                                                                                                         10072300000000000001007230000000000000       0090339900009954106767072312000030
100000000000000000000009033990000995400000000000000000000000010002020009502807231000000000002            2  01095028072323072300000002980820000000001N100723000000000000000000000000000000000000000000000000000000000000000100009502844831CLAUDIA ROCHA SANDOVAL                  RUA URUGUAI - 89 AP.64 - JARDIM GUILHERM            11702300                                                            000032
2SR. CAIXA, APOS O VENCIMENTO COBRAR 2% DE MULTA                                 NAO RECEBER APOS 30 DIAS DO VENCIMENTO.                                                                                                                                                                                                         10072300000000000001007230000000000000       0090339900009954095028072310000033
100000000000000000000009033990000995400000000000000000000000010002020007594207231P00000000002            2  01075942072323072300000002675970000000001N100723000000000000000000000000000000000000000000000000000000000000000100007594247809JOSE LUIS DE OLIVEIRA                   DONA EGLANTINA PENTEADO DA SILVA PRADO -            13044162                                                            000035
2SR. CAIXA, APOS O VENCIMENTO COBRAR 2% DE MULTA                                 NAO RECEBER APOS 30 DIAS DO VENCIMENTO.                                                                                                                                                                                                         10072300000000000001007230000000000000       009033990000995407594207231P000036
100000000000000000000009033990000995400000000000000000000000010002020005288707231300000000002            2  01052887072323072300000002756520000000001N100723000000000000000000000000000000000000000000000000000000000000000100005288796858MARCELO RODRIGUES FERREIRA              RUA MARCOS ANTONIO MARQUES - 302 - JARDI            06433020                                                            000038
2SR. CAIXA, APOS O VENCIMENTO COBRAR 2% DE MULTA                                 NAO RECEBER APOS 30 DIAS DO VENCIMENTO.                                                                                                                                                                                                         10072300000000000001007230000000000000       0090339900009954052887072313000039
100000000000000000000009033990000995400000000000000000000000010002020015835907231200000000002            2  01158359072323072300000002870500000000001N100723000000000000000000000000000000000000000000000000000000000000000100015835992823FLAVIO VERONEZ                          RUA ANDREA PAULINETTI - 127 AP.42 - BAIR            04707050                                                            000041
2SR. CAIXA, APOS O VENCIMENTO COBRAR 2% DE MULTA                                 NAO RECEBER APOS 30 DIAS DO VENCIMENTO.                                                                                                                                                                                                         10072300000000000001007230000000000000       0090339900009954158359072312000042
100000000000000000000009033990000995400000000000000000000000010002020000438107231000000000002            2  01004381072323072300000003240010000000001N100723000000000000000000000000000000000000000000000000000000000000000100000438161858WAGNECY VILLA NOVA LIEN                 RUA PROFESSOR FERREIRA PAULINO - 233 AP.            07025020                                                            000044
2SR. CAIXA, APOS O VENCIMENTO COBRAR 2% DE MULTA                                 NAO RECEBER APOS 30 DIAS DO VENCIMENTO.                                                                                                                                                                                                         10072300000000000001007230000000000000       0090339900009954004381072310000045
100000000000000000000009033990000995400000000000000000000000010002020026004507231700000000002            2  01260045072323072300000002870540000000001N100723000000000000000000000000000000000000000000000000000000000000000100026004595888EDIVALDO BEZERRA DA SILVA               AVENIDA GUATEMALA - 550 - JARDIM PINHEIR            09854750                                                            000047
2SR. CAIXA, APOS O VENCIMENTO COBRAR 2% DE MULTA                                 NAO RECEBER APOS 30 DIAS DO VENCIMENTO.                                                                                                                                                                                                         10072300000000000001007230000000000000       0090339900009954260045072317000048
100000000000000000000009033990000995400000000000000000000000010002020012470707231100000000002            2  01124707072323072300000003062660000000001N100723000000000000000000000000000000000000000000000000000000000000000100012470771870HILTON FERNANDES OLIVARES               RUA PATIO DA ESTACAO - 115 - BAIRRO CENT            09450000                                                            000050
2SR. CAIXA, APOS O VENCIMENTO COBRAR 2% DE MULTA                                 NAO RECEBER APOS 30 DIAS DO VENCIMENTO.                                                                                                                                                                                                         10072300000000000001007230000000000000       0090339900009954124707072311000051
100000000000000000000009033990000995400000000000000000000000010002020014025407231000000000002            2  01140254072323072300000003358140000000001N100723000000000000000000000000000000000000000000000000000000000000000100014025420899ANDREIA APARECIDA TAVARES BASTOS        RUA IBATIBA - 234 CASA 27 - RES.BOUGANVI            09220608                                                            000053
2SR. CAIXA, APOS O VENCIMENTO COBRAR 2% DE MULTA                                 NAO RECEBER APOS 30 DIAS DO VENCIMENTO.                                                                                                                                                                                                         10072300000000000001007230000000000000       0090339900009954140254072310000054
100000000000000000000009033990000995400000000000000000000000010002020018590007231P00000000002            2  01185900072323072300000003041290000000001N100723000000000000000000000000000000000000000000000000000000000000000100018590038858JOSE SANDRO ROCHA SILVA                 RUA SANTO ANTONIO DO AVENTUREIRO - 216 A            07143040                                                            000056
2SR. CAIXA, APOS O VENCIMENTO COBRAR 2% DE MULTA                                 NAO RECEBER APOS 30 DIAS DO VENCIMENTO.                                                                                                                                                                                                         10072300000000000001007230000000000000       009033990000995418590007231P000057
100000000000000000000009033990000995400000000000000000000000010002020088578707231800000000002            2  01885787072323072300000005865910000000001N100723000000000000000000000000000000000000000000000000000000000000000100088578704800GILBERTO DO ESPIRITO SANTO SILVA        RUA URUGUAI - 89 AP.23 - JARDIM GUILHERM            11702300                                                            000059
2SR. CAIXA, APOS O VENCIMENTO COBRAR 2% DE MULTA                                 NAO RECEBER APOS 30 DIAS DO VENCIMENTO.                                                                                                                                                                                                         10072300000000000001007230000000000000       0090339900009954885787072318000060
100000000000000000000009033990000995400000000000000000000000010002020088578707232600000000002            2  01885787072323072300000002502550000000001N100723000000000000000000000000000000000000000000000000000000000000000100088578704800GILBERTO DO ESPIRITO SANTO SILVA        RUA URUGUAI - 89 AP.23 - JARDIM GUILHERM            11702300                                                            000062
2SR. CAIXA, APOS O VENCIMENTO COBRAR 2% DE MULTA                                 NAO RECEBER APOS 30 DIAS DO VENCIMENTO.                                                                                                                                                                                                         10072300000000000001007230000000000000       0090339900009954885787072326000063
100000000000000000000009033990000995400000000000000000000000010002020005105207231600000000002            2  01051052072323072300000002984580000000001N100723000000000000000000000000000000000000000000000000000000000000000100005105287835FABIO MOTTOLA DE OLIVEIRA               RUA RAUL MAZZONI - 133 - CHACARA AREAL -            13331022                                                            000065
2SR. CAIXA, APOS O VENCIMENTO COBRAR 2% DE MULTA                                 NAO RECEBER APOS 30 DIAS DO VENCIMENTO.                                                                                                                                                                                                         10072300000000000001007230000000000000       0090339900009954051052072316000066
100000000000000000000009033990000995400000000000000000000000010002020020792707231500000000002            2  01207927072323072300000003102890000000001N100723000000000000000000000000000000000000000000000000000000000000000120792791000147TROVAO COMERCIO DE ALIMENTOS LTDA-ME    RUA QUINTA DA MAGNOLIA - 67 - JARDIM IPA            03582100                                                            000068
2SR. CAIXA, APOS O VENCIMENTO COBRAR 2% DE MULTA                                 NAO RECEBER APOS 30 DIAS DO VENCIMENTO.                                                                                                                                                                                                         10072300000000000001007230000000000000       0090339900009954207927072315000069
100000000000000000000009033990000995400000000000000000000000010002020007648107231900000000002            2  01076481072323072300000002913610000000001N100723000000000000000000000000000000000000000000000000000000000000000100007648112825MARA REGINA CAPRIO                      RUA DA TRINDADE - 790 - VILA IDEAL - SAO            15060280                                                            000071
2SR. CAIXA, APOS O VENCIMENTO COBRAR 2% DE MULTA                                 NAO RECEBER APOS 30 DIAS DO VENCIMENTO.                                                                                                                                                                                                         10072300000000000001007230000000000000       0090339900009954076481072319000072
100000000000000000000009033990000995400000000000000000000000010002020031157407231800000000002            2  01311574072323072300000003128520000000001N100723000000000000000000000000000000000000000000000000000000000000000100031157420885TALITA ANICHIARICO COSSI                RUA CNEO POMPEO DE CAMARGO - 817 - JARDI            13060150                                                            000074
2SR. CAIXA, APOS O VENCIMENTO COBRAR 2% DE MULTA                                 NAO RECEBER APOS 30 DIAS DO VENCIMENTO.                                                                                                                                                                                                         10072300000000000001007230000000000000       0090339900009954311574072318000075
100000000000000000000009033990000995400000000000000000000000010002020035572507231200000000002            2  01355725072323072300000003326320000000001N100723000000000000000000000000000000000000000000000000000000000000000100035572536865MARIA SIMONE SANTOS                     RUA JOSE PEZZOLO - 68 - VILA ELDIZIA - S            09181660                                                            000077
2SR. CAIXA, APOS O VENCIMENTO COBRAR 2% DE MULTA                                 NAO RECEBER APOS 30 DIAS DO VENCIMENTO.                                                                                                                                                                                                         10072300000000000001007230000000000000       0090339900009954355725072312000078
100000000000000000000009033990000995400000000000000000000000010002020008800307231P00000000002            2  01088003072323072300000003030710000000001N100723000000000000000000000000000000000000000000000000000000000000000100008800368425INGO DIMITRI PEREIRA DA NOBREGA         RUA PROFESSOR MENDES PIMENTEL - 362 - JA            03973010                                                            000080
2SR. CAIXA, APOS O VENCIMENTO COBRAR 2% DE MULTA                                 NAO RECEBER APOS 30 DIAS DO VENCIMENTO.                                                                                                                                                                                                         10072300000000000001007230000000000000       009033990000995408800307231P000081
100000000000000000000009033990000995400000000000000000000000010002020005054107231400000000002            2  01050541072323072300000002932960000000001N100723000000000000000000000000000000000000000000000000000000000000000100005054169806PAULO ROBERTO DE MATTOS                 JARDIM BOTANICO - 849 - DISTRITO DE SOUS            13106258                                                            000083
2SR. CAIXA, APOS O VENCIMENTO COBRAR 2% DE MULTA                                 NAO RECEBER APOS 30 DIAS DO VENCIMENTO.                                                                                                                                                                                                         10072300000000000001007230000000000000       0090339900009954050541072314000084
100000000000000000000009033990000995400000000000000000000000010002020007552107231000000000002            2  01075521072323072300000002932960000000001N100723000000000000000000000000000000000000000000000000000000000000000100007552151846MAURO BORDONI                           AVENIDA DR. AUGUSTO DE TOLEDO - 769 AP.6            09540080                                                            000086
2SR. CAIXA, APOS O VENCIMENTO COBRAR 2% DE MULTA                                 NAO RECEBER APOS 30 DIAS DO VENCIMENTO.                                                                                                                                                                                                         10072300000000000001007230000000000000       0090339900009954075521072310000087
100000000000000000000009033990000995400000000000000000000000010002020012744207231300000000002            2  01127442072323072300000003263360000000001N100723000000000000000000000000000000000000000000000000000000000000000100012744201804ADAIL JOSE DE SOUSA                     RUA ROSARIA - 303 - BAIRRO SACADURA CABR            09061080                                                            000089
2SR. CAIXA, APOS O VENCIMENTO COBRAR 2% DE MULTA                                 NAO RECEBER APOS 30 DIAS DO VENCIMENTO.                                                                                                                                                                                                         10072300000000000001007230000000000000       0090339900009954127442072313000090
100000000000000000000009033990000995400000000000000000000000010002020068320607231000000000002            2  01683206072323072300000011557120000000001N100723000000000000000000000000000000000000000000000000000000000000000100068320663849ANTONIO CAVALCANTE LIMA                 RUA AMAZONAS - 1188 - CENTRO - SAO CAETA            09540201                                                            000092
2SR. CAIXA, APOS O VENCIMENTO COBRAR 2% DE MULTA                                 NAO RECEBER APOS 30 DIAS DO VENCIMENTO.                                                                                                                                                                                                         10072300000000000001007230000000000000       0090339900009954683206072310000093
100000000000000000000009033990000995400000000000000000000000010002020088926207231200000000002            2  01889262072323072300000002427870000000001N100723000000000000000000000000000000000000000000000000000000000000000100088926230872VALDEMAR LATANCE FILHO                  RUA MELO PINTO DA SILVA - 111 CASA 103 -            18116265                                                            000095
2SR. CAIXA, APOS O VENCIMENTO COBRAR 2% DE MULTA                                 NAO RECEBER APOS 30 DIAS DO VENCIMENTO.                                                                                                                                                                                                         10072300000000000001007230000000000000       0090339900009954889262072312000096
100000000000000000000009033990000995400000000000000000000000010002020004195307231P00000000002            2  01041953072323072300000003168760000000001N100723000000000000000000000000000000000000000000000000000000000000000100004195345804LUIZ CARLOS SILVESTRE                   RUA CONDE VICENTE AZEVEDO - 377 - BAIRRO            04264000                                                            000098
2SR. CAIXA, APOS O VENCIMENTO COBRAR 2% DE MULTA                                 NAO RECEBER APOS 30 DIAS DO VENCIMENTO.                                                                                                                                                                                                         10072300000000000001007230000000000000       009033990000995404195307231P000099
9                                                                                                                                                                                                                                                                                                                                                                                                         000100