01REMESSA01COBRANCA       00000000000005331186HB SANTOS CONSTRUTORA E INCORP237BRADESCO       110722        MX0000052                                                                                                                                                                                                                                                                                     000001
100000000000000000000009033990000995400000000000000000000000010002020005723207221500000000002            2  01057232072223072200000002761530000000001N080722000000000000000000000000000000000000000000000000000000000000000100005723255843FRANCISCO DE ASSIS DA SILVA             PRACA NICOLAU GERAIGIRE - 25 VISOR - JAR            11095110                                                            000002
2SR. CAIXA, APOS O VENCIMENTO COBRAR 2% DE MULTA                                 NAO RECEBER APOS 30 DIAS DO VENCIMENTO.                                                                                                                                                                                                         11072200000000000001107220000000000000       0090339900009954057232072215000003
100000000000000000000009033990000995400000000000000000000000010002020004928107221P00000000002            2  01049281072223072200000002700560000000001N080722000000000000000000000000000000000000000000000000000000000000000100004928157800ADEMIR APARECIDO ANTUNES                RUA URUGUAI - 89 AP.105 - JARDIM GUILHER            11702300                                                            000005
2SR. CAIXA, APOS O VENCIMENTO COBRAR 2% DE MULTA                                 NAO RECEBER APOS 30 DIAS DO VENCIMENTO.                                                                                                                                                                                                         11072200000000000001107220000000000000       009033990000995404928107221P000006
100000000000000000000009033990000995400000000000000000000000010002020011238007221700000000002            2  01112380072223072200000002665540000000001N080722000000000000000000000000000000000000000000000000000000000000000100011238052886SOLANGE DIAS DE SOUZA ROMANO            AVENIDA DR. ALTINO ARANTES - 865 AP.132             04042034                                                            000008
2SR. CAIXA, APOS O VENCIMENTO COBRAR 2% DE MULTA                                 NAO RECEBER APOS 30 DIAS DO VENCIMENTO.                                                                                                                                                                                                         11072200000000000001107220000000000000       0090339900009954112380072217000009
100000000000000000000009033990000995400000000000000000000000010002020032589107221900000000002            2  01325891072223072200000002612990000000001N080722000000000000000000000000000000000000000000000000000000000000000100032589165862RENATA ISABEL MARTINS SILVA             RUA HERCULANO DE FREITAS - 257 - FUNDACA            09520280                                                            000011
2SR. CAIXA, APOS O VENCIMENTO COBRAR 2% DE MULTA                                 NAO RECEBER APOS 30 DIAS DO VENCIMENTO.                                                                                                                                                                                                         11072200000000000001107220000000000000       0090339900009954325891072219000012
100000000000000000000009033990000995400000000000000000000000010002020088339307221200000000002            2  01883393072223072200000002641310000000001N080722000000000000000000000000000000000000000000000000000000000000000100088339319868MARCIA SIQUEIRA MELLO                   RUA ADELINO ALVES - 81 - SANTO AMARO - S            04710120                                                            000014
2SR. CAIXA, APOS O VENCIMENTO COBRAR 2% DE MULTA                                 NAO RECEBER APOS 30 DIAS DO VENCIMENTO.                                                                                                                                                                                                         11072200000000000001107220000000000000       0090339900009954883393072212000015
100000000000000000000009033990000995400000000000000000000000010002020046391207221800000000002            2  01463912072223072200000002740000000000001N080722000000000000000000000000000000000000000000000000000000000000000100046391265810PAMELLA RODRIGUES DE OLIVEIRA           RUA AUGUSTA - 183 AP.301 BL.2A - VILA AU            07025130                                                            000017
2SR. CAIXA, APOS O VENCIMENTO COBRAR 2% DE MULTA                                 NAO RECEBER APOS 30 DIAS DO VENCIMENTO.                                                                                                                                                                                                         11072200000000000001107220000000000000       0090339900009954463912072218000018
100000000000000000000009033990000995400000000000000000000000010002020027964507221600000000002            2  01279645072223072200000002722460000000001N080722000000000000000000000000000000000000000000000000000000000000000100027964512838FABIO TADEU DE CAMPOS RADZIAVICIUS      RUA URUGUAI - 89 AP.94 - JARDIM GUILHERM            11702300                                                            000020
2SR. CAIXA, APOS O VENCIMENTO COBRAR 2% DE MULTA                                 NAO RECEBER APOS 30 DIAS DO VENCIMENTO.                                                                                                                                                                                                         11072200000000000001107220000000000000       0090339900009954279645072216000021
100000000000000000000009033990000995400000000000000000000000010002020011498307221400000000002            2  01114983072223072200000002039700000000001N080722000000000000000000000000000000000000000000000000000000000000000100011498329837GERSON GERALDO DAS NEVES                RUA DOMINGOS DELGADO - 144 - VILA SOUZA             02881070                                                            000023
2SR. CAIXA, APOS O VENCIMENTO COBRAR 2% DE MULTA                                 NAO RECEBER APOS 30 DIAS DO VENCIMENTO.                                                                                                                                                                                                         11072200000000000001107220000000000000       0090339900009954114983072214000024
100000000000000000000009033990000995400000000000000000000000010002020025214407221000000000002            2  01252144072223072200000002414370000000001N080722000000000000000000000000000000000000000000000000000000000000000100025214401833JOSE MAURICIO DOS SANTOS RODRIGUES      RUA JOAO DE MACEDO RIBEIRO - 49 - VILA N            08111101                                                            000026
2SR. CAIXA, APOS O VENCIMENTO COBRAR 2% DE MULTA                                 NAO RECEBER APOS 30 DIAS DO VENCIMENTO.                                                                                                                                                                                                         11072200000000000001107220000000000000       0090339900009954252144072210000027
100000000000000000000009033990000995400000000000000000000000010002020033119107221800000000002            2  01331191072223072200000002424600000000001N080722000000000000000000000000000000000000000000000000000000000000000100033119178802HUGO GOMES VENDRAME                     RUA SAO PAULO - 60 CASA 01 - VILA FREITA            06380110                                                            000029
2SR. CAIXA, APOS O VENCIMENTO COBRAR 2% DE MULTA                                 NAO RECEBER APOS 30 DIAS DO VENCIMENTO.                                                                                                                                                                                                         11072200000000000001107220000000000000       0090339900009954331191072218000030
100000000000000000000009033990000995400000000000000000000000010002020016631507221000000000002            2  01166315072223072200000002466900000000001N080722000000000000000000000000000000000000000000000000000000000000000100016631587468GILBERTO BEZERRA DA SILVA               AVENIDA JAIME TORRES - 745 CASA 3 - JARD            03670000                                                            000032
2SR. CAIXA, APOS O VENCIMENTO COBRAR 2% DE MULTA                                 NAO RECEBER APOS 30 DIAS DO VENCIMENTO.                                                                                                                                                                                                         11072200000000000001107220000000000000       0090339900009954166315072210000033
100000000000000000000009033990000995400000000000000000000000010002020007313207221300000000002            2  01073132072223072200000002449390000000001N080722000000000000000000000000000000000000000000000000000000000000000100007313251840SALVADOR GESUALDO PULVIRENTI            AVENIDA MARARI - 641 - VILA MARARI - SAO            04402010                                                            000035
2SR. CAIXA, APOS O VENCIMENTO COBRAR 2% DE MULTA                                 NAO RECEBER APOS 30 DIAS DO VENCIMENTO.                                                                                                                                                                                                         11072200000000000001107220000000000000       0090339900009954073132072213000036
100000000000000000000009033990000995400000000000000000000000010002020010676707221500000000002            2  01106767072223072200000002556590000000001N080722000000000000000000000000000000000000000000000000000000000000000100010676723896MERCEDES CRISTINA ROCHA SANDOVAL        RUA URUGUAI - 89 AP.83 - JARDIM GUILHERM            11702300                                                            000038
2SR. CAIXA, APOS O VENCIMENTO COBRAR 2% DE MULTA                                 NAO RECEBER APOS 30 DIAS DO VENCIMENTO.                                                                                                                                                                                                         11072200000000000001107220000000000000       0090339900009954106767072215000039
100000000000000000000009033990000995400000000000000000000000010002020009502807221300000000002            2  01095028072223072200000002669920000000001N080722000000000000000000000000000000000000000000000000000000000000000100009502844831CLAUDIA ROCHA SANDOVAL                  RUA URUGUAI - 89 AP.64 - JARDIM GUILHERM            11702300                                                            000041
2SR. CAIXA, APOS O VENCIMENTO COBRAR 2% DE MULTA                                 NAO RECEBER APOS 30 DIAS DO VENCIMENTO.                                                                                                                                                                                                         11072200000000000001107220000000000000       0090339900009954095028072213000042
100000000000000000000009033990000995400000000000000000000000010002020007594207221200000000002            2  01075942072223072200000002396860000000001N080722000000000000000000000000000000000000000000000000000000000000000100007594247809JOSE LUIS DE OLIVEIRA                   DONA EGLANTINA PENTEADO DA SILVA PRADO -            13044162                                                            000044
2SR. CAIXA, APOS O VENCIMENTO COBRAR 2% DE MULTA                                 NAO RECEBER APOS 30 DIAS DO VENCIMENTO.                                                                                                                                                                                                         11072200000000000001107220000000000000       0090339900009954075942072212000045
100000000000000000000009033990000995400000000000000000000000010002020005288707221600000000002            2  01052887072223072200000002469010000000001N080722000000000000000000000000000000000000000000000000000000000000000100005288796858MARCELO RODRIGUES FERREIRA              RUA MARCOS ANTONIO MARQUES - 302 - JARDI            06433020                                                            000047
2SR. CAIXA, APOS O VENCIMENTO COBRAR 2% DE MULTA                                 NAO RECEBER APOS 30 DIAS DO VENCIMENTO.                                                                                                                                                                                                         11072200000000000001107220000000000000       0090339900009954052887072216000048
100000000000000000000009033990000995400000000000000000000000010002020015835907221500000000002            2  01158359072223072200000002571120000000001N080722000000000000000000000000000000000000000000000000000000000000000100015835992823FLAVIO VERONEZ                          RUA ANDREA PAULINETTI - 127 AP.42 - BAIR            04707050                                                            000050
2SR. CAIXA, APOS O VENCIMENTO COBRAR 2% DE MULTA                                 NAO RECEBER APOS 30 DIAS DO VENCIMENTO.                                                                                                                                                                                                         11072200000000000001107220000000000000       0090339900009954158359072215000051
100000000000000000000009033990000995400000000000000000000000010002020000438107221300000000002            2  01004381072223072200000002902090000000001N080722000000000000000000000000000000000000000000000000000000000000000100000438161858WAGNECY VILLA NOVA LIEN                 MACHADO - 106 - VILA AUGUSTA - GUARULHOS            07025210                                                            000053
2SR. CAIXA, APOS O VENCIMENTO COBRAR 2% DE MULTA                                 NAO RECEBER APOS 30 DIAS DO VENCIMENTO.                                                                                                                                                                                                         11072200000000000001107220000000000000       0090339900009954004381072213000054
100000000000000000000009033990000995400000000000000000000000010002020026004507221P00000000002            2  01260045072223072200000002571160000000001N080722000000000000000000000000000000000000000000000000000000000000000100026004595888EDIVALDO BEZERRA DA SILVA               AVENIDA GUATEMALA - 550 - JARDIM PINHEIR            09854750                                                            000056
2SR. CAIXA, APOS O VENCIMENTO COBRAR 2% DE MULTA                                 NAO RECEBER APOS 30 DIAS DO VENCIMENTO.                                                                                                                                                                                                         11072200000000000001107220000000000000       009033990000995426004507221P000057
100000000000000000000009033990000995400000000000000000000000010002020012470707221400000000002            2  01124707072223072200000002743230000000001N080722000000000000000000000000000000000000000000000000000000000000000100012470771870HILTON FERNANDES OLIVARES               RUA PATIO DA ESTACAO - 115 - BAIRRO CENT            09450000                                                            000059
2SR. CAIXA, APOS O VENCIMENTO COBRAR 2% DE MULTA                                 NAO RECEBER APOS 30 DIAS DO VENCIMENTO.                                                                                                                                                                                                         11072200000000000001107220000000000000       0090339900009954124707072214000060
100000000000000000000009033990000995400000000000000000000000010002020014025407221300000000002            2  01140254072223072200000003007900000000001N080722000000000000000000000000000000000000000000000000000000000000000100014025420899ANDREIA APARECIDA TAVARES BASTOS        RUA IBATIBA - 234 CASA 27 - RES.BOUGANVI            09220608                                                            000062
2SR. CAIXA, APOS O VENCIMENTO COBRAR 2% DE MULTA                                 NAO RECEBER APOS 30 DIAS DO VENCIMENTO.                                                                                                                                                                                                         11072200000000000001107220000000000000       0090339900009954140254072213000063
100000000000000000000009033990000995400000000000000000000000010002020018590007221200000000002            2  01185900072223072200000002724090000000001N080722000000000000000000000000000000000000000000000000000000000000000100018590038858JOSE SANDRO ROCHA SILVA                 RUA SANTO ANTONIO DO AVENTUREIRO - 216 A            07143040                                                            000065
2SR. CAIXA, APOS O VENCIMENTO COBRAR 2% DE MULTA                                 NAO RECEBER APOS 30 DIAS DO VENCIMENTO.                                                                                                                                                                                                         11072200000000000001107220000000000000       0090339900009954185900072212000066
100000000000000000000009033990000995400000000000000000000000010002020088578707221000000000002            2  01885787072223072200000005254120000000001N080722000000000000000000000000000000000000000000000000000000000000000100088578704800GILBERTO DO ESPIRITO SANTO SILVA        RUA GUARANY - 697 CASA 01 - PARQUE SAO V            11360000                                                            000068
2SR. CAIXA, APOS O VENCIMENTO COBRAR 2% DE MULTA                                 NAO RECEBER APOS 30 DIAS DO VENCIMENTO.                                                                                                                                                                                                         11072200000000000001107220000000000000       0090339900009954885787072210000069
100000000000000000000009033990000995400000000000000000000000010002020088578707222900000000002            2  01885787072223072200000002241530000000001N080722000000000000000000000000000000000000000000000000000000000000000100088578704800GILBERTO DO ESPIRITO SANTO SILVA        RUA GUARANY - 697 CASA 01 - PARQUE SAO V            11360000                                                            000071
2SR. CAIXA, APOS O VENCIMENTO COBRAR 2% DE MULTA                                 NAO RECEBER APOS 30 DIAS DO VENCIMENTO.                                                                                                                                                                                                         11072200000000000001107220000000000000       0090339900009954885787072229000072
100000000000000000000009033990000995400000000000000000000000010002020015378207221100000000002            2  01153782072223072200000003349500000000001N080722000000000000000000000000000000000000000000000000000000000000000100015378295807SERGIO FERNANDES                        RUA VALDEMAR MARTINS - 116 AP.115 - BAIR            02535000                                                            000074
2SR. CAIXA, APOS O VENCIMENTO COBRAR 2% DE MULTA                                 NAO RECEBER APOS 30 DIAS DO VENCIMENTO.                                                                                                                                                                                                         11072200000000000001107220000000000000       0090339900009954153782072211000075
100000000000000000000009033990000995400000000000000000000000010002020005105207221900000000002            2  01051052072223072200000002673300000000001N080722000000000000000000000000000000000000000000000000000000000000000100005105287835FABIO MOTTOLA DE OLIVEIRA               RUA RAUL MAZZONI - 133 - CHACARA AREAL -            13331022                                                            000077
2SR. CAIXA, APOS O VENCIMENTO COBRAR 2% DE MULTA                                 NAO RECEBER APOS 30 DIAS DO VENCIMENTO.                                                                                                                                                                                                         11072200000000000001107220000000000000       0090339900009954051052072219000078
100000000000000000000009033990000995400000000000000000000000010002020020792707221800000000002            2  01207927072223072200000002779250000000001N080722000000000000000000000000000000000000000000000000000000000000000120792791000147TROVAO COMERCIO DE ALIMENTOS LTDA-ME    RUA QUINTA DA MAGNOLIA - 67 - JARDIM IPA            03582100                                                            000080
2SR. CAIXA, APOS O VENCIMENTO COBRAR 2% DE MULTA                                 NAO RECEBER APOS 30 DIAS DO VENCIMENTO.                                                                                                                                                                                                         11072200000000000001107220000000000000       0090339900009954207927072218000081
100000000000000000000009033990000995400000000000000000000000010002020007648107221100000000002            2  01076481072223072200000002609750000000001N080722000000000000000000000000000000000000000000000000000000000000000100007648112825MARA REGINA CAPRIO                      RUA DA TRINDADE - 790 - VILA IDEAL - SAO            15060280                                                            000083
2SR. CAIXA, APOS O VENCIMENTO COBRAR 2% DE MULTA                                 NAO RECEBER APOS 30 DIAS DO VENCIMENTO.                                                                                                                                                                                                         11072200000000000001107220000000000000       0090339900009954076481072211000084
100000000000000000000009033990000995400000000000000000000000010002020031157407221000000000002            2  01311574072223072200000002802210000000001N080722000000000000000000000000000000000000000000000000000000000000000100031157420885TALITA ANICHIARICO COSSI                RUA CNEO POMPEO DE CAMARGO - 817 - JARDI            13060150                                                            000086
2SR. CAIXA, APOS O VENCIMENTO COBRAR 2% DE MULTA                                 NAO RECEBER APOS 30 DIAS DO VENCIMENTO.                                                                                                                                                                                                         11072200000000000001107220000000000000       0090339900009954311574072210000087
100000000000000000000009033990000995400000000000000000000000010002020035572507221500000000002            2  01355725072223072200000002979400000000001N080722000000000000000000000000000000000000000000000000000000000000000100035572536865MARIA SIMONE SANTOS                     RUA JOSE PEZZOLO - 68 - VILA ELDIZIA - S            09181660                                                            000089
2SR. CAIXA, APOS O VENCIMENTO COBRAR 2% DE MULTA                                 NAO RECEBER APOS 30 DIAS DO VENCIMENTO.                                                                                                                                                                                                         11072200000000000001107220000000000000       0090339900009954355725072215000090
100000000000000000000009033990000995400000000000000000000000010002020008800307221200000000002            2  01088003072223072200000002714630000000001N080722000000000000000000000000000000000000000000000000000000000000000100008800368425INGO DIMITRI PEREIRA DA NOBREGA         RUA PROFESSOR MENDES PIMENTEL - 362 - JA            03973010                                                            000092
2SR. CAIXA, APOS O VENCIMENTO COBRAR 2% DE MULTA                                 NAO RECEBER APOS 30 DIAS DO VENCIMENTO.                                                                                                                                                                                                         11072200000000000001107220000000000000       0090339900009954088003072212000093
100000000000000000000009033990000995400000000000000000000000010002020018312407221200000000002            2  01183124072223072200000009413630000000001N080722000000000000000000000000000000000000000000000000000000000000000100018312408827PAULO LUIZ FERREIRA                     AVENIDA MARCONDES SALGADO - 20 AP.26 B -            11702530                                                            000095
2SR. CAIXA, APOS O VENCIMENTO COBRAR 2% DE MULTA                                 NAO RECEBER APOS 30 DIAS DO VENCIMENTO.                                                                                                                                                                                                         11072200000000000001107220000000000000       0090339900009954183124072212000096
100000000000000000000009033990000995400000000000000000000000010002020005054107221700000000002            2  01050541072223072200000002627070000000001N080722000000000000000000000000000000000000000000000000000000000000000100005054169806PAULO ROBERTO DE MATTOS                 JARDIM BOTANICO - 849 - DISTRITO DE SOUS            13106258                                                            000098
2SR. CAIXA, APOS O VENCIMENTO COBRAR 2% DE MULTA                                 NAO RECEBER APOS 30 DIAS DO VENCIMENTO.                                                                                                                                                                                                         11072200000000000001107220000000000000       0090339900009954050541072217000099
100000000000000000000009033990000995400000000000000000000000010002020007552107221300000000002            2  01075521072223072200000002627070000000001N080722000000000000000000000000000000000000000000000000000000000000000100007552151846MAURO BORDONI                           AVENIDA DR. AUGUSTO DE TOLEDO - 769 AP.6            09540080                                                            000101
2SR. CAIXA, APOS O VENCIMENTO COBRAR 2% DE MULTA                                 NAO RECEBER APOS 30 DIAS DO VENCIMENTO.                                                                                                                                                                                                         11072200000000000001107220000000000000       0090339900009954075521072213000102
100000000000000000000009033990000995400000000000000000000000010002020012744207221600000000002            2  01127442072223072200000002923000000000001N080722000000000000000000000000000000000000000000000000000000000000000100012744201804ADAIL JOSE DE SOUSA                     RUA ROSARIA - 303 - BAIRRO SACADURA CABR            09061080                                                            000104
2SR. CAIXA, APOS O VENCIMENTO COBRAR 2% DE MULTA                                 NAO RECEBER APOS 30 DIAS DO VENCIMENTO.                                                                                                                                                                                                         11072200000000000001107220000000000000       0090339900009954127442072216000105
100000000000000000000009033990000995400000000000000000000000010002020000884207221600000000002            2  01008842072223072200000002174650000000001N080722000000000000000000000000000000000000000000000000000000000000000100000884239802ADEMIR MARTINS                          RUA CAIRO - 221 - VILA METALURGICA - SAN            09220170                                                            000107
2SR. CAIXA, APOS O VENCIMENTO COBRAR 2% DE MULTA                                 NAO RECEBER APOS 30 DIAS DO VENCIMENTO.                                                                                                                                                                                                         11072200000000000001107220000000000000       0090339900009954008842072216000108
100000000000000000000009033990000995400000000000000000000000010002020068320607221300000000002            2  01683206072223072200000010351760000000001N080722000000000000000000000000000000000000000000000000000000000000000100068320663849ANTONIO CAVALCANTE LIMA                 RUA AMAZONAS - 1188 - CENTRO - SAO CAETA            09540201                                                            000110
2SR. CAIXA, APOS O VENCIMENTO COBRAR 2% DE MULTA                                 NAO RECEBER APOS 30 DIAS DO VENCIMENTO.                                                                                                                                                                                                         11072200000000000001107220000000000000       0090339900009954683206072213000111
9                                                                                                                                                                                                                                                                                                                                                                                                         000112