01REMESSA01COBRANCA       00000000000005316116AIRES CONSTRUTORA E INCORPORAD237BRADESCO       050423        MX0000216                                                                                                                                                                                                                                                                                     000001
100000000000000000000009002800441612000000000000000000000000010002100001204404231300000000002            2  01012044042325042300000003683110000000001N050423000000000000000000000000000000000000000000000000000000000000000100001204431809CEZAR TALAVERA JUNIOR                   RUA MAESTRO ARTURO DE ANGELIS  - 190 AP.            05139010                                                            000002
2SR. CAIXA, APOS O VENCIMENTO COBRAR 10% DE MULTA                                NAO RECEBER APOS 30 DIAS DO VENCIMENTO.                                                                                                                                                                                                         05042300000000000000504230000000000000       0090028004416120012044042313000003
100000000000000000000009002800441612000000000000000000000000010002100027198404231700000000002            2  01271984042325042300000003063750000000001N050423000000000000000000000000000000000000000000000000000000000000000100027198452809CRISTIANE AURELIANO DA SILVA MAIA       RUA MONTE CASTELO - 262 AP.25 - AVIACAO             11702720                                                            000005
2SR. CAIXA, APOS O VENCIMENTO COBRAR 10% DE MULTA                                NAO RECEBER APOS 30 DIAS DO VENCIMENTO.                                                                                                                                                                                                         05042300000000000000504230000000000000       0090028004416120271984042317000006
100000000000000000000009002800441612000000000000000000000000010002100018470504231000000000002            2  01184705042325042300000005500690000000001N050423000000000000000000000000000000000000000000000000000000000000000100018470520881SILVANA ALVES DE OLIVEIRA               RUA MONTE CASTELO - 262 AP.91 - AVIACAO             11702720                                                            000008
2SR. CAIXA, APOS O VENCIMENTO COBRAR 10% DE MULTA                                NAO RECEBER APOS 30 DIAS DO VENCIMENTO.                                                                                                                                                                                                         05042300000000000000504230000000000000       0090028004416120184705042310000009
100000000000000000000009002800441612000000000000000000000000010002100009297504231000000000002            2  01092975042325042300000003829500000000001N050423000000000000000000000000000000000000000000000000000000000000000100009297523846MARCOS ROBERTO DE CASTRO FERREIRA       RUA MONTE CASTELO - 262 AP.105 - AVIACAO            11702720                                                            000011
2SR. CAIXA, APOS O VENCIMENTO COBRAR 10% DE MULTA                                NAO RECEBER APOS 30 DIAS DO VENCIMENTO.                                                                                                                                                                                                         05042300000000000000504230000000000000       0090028004416120092975042310000012
100000000000000000000009002800441612000000000000000000000000010002100001164104231P00000000002            2  01011641042325042300000004745630000000001N050423000000000000000000000000000000000000000000000000000000000000000100001164158864DAVID BLEY LACERDA                      RUA CONEGO ARAUJO MARCONDES - 188 - BAIR            02550080                                                            000014
2SR. CAIXA, APOS O VENCIMENTO COBRAR 10% DE MULTA                                NAO RECEBER APOS 30 DIAS DO VENCIMENTO.                                                                                                                                                                                                         05042300000000000000504230000000000000       009002800441612001164104231P000015
100000000000000000000009002800441612000000000000000000000000010002100031498004231300000000002            2  01314980042325042300000005767640000000001N050423000000000000000000000000000000000000000000000000000000000000000100031498008895POLIANE  SIBELE DA SILVA                PRACA GENERAL COSTA BARRETO - 56 AP.181             03325070                                                            000017
2SR. CAIXA, APOS O VENCIMENTO COBRAR 10% DE MULTA                                NAO RECEBER APOS 30 DIAS DO VENCIMENTO.                                                                                                                                                                                                         05042300000000000000504230000000000000       0090028004416120314980042313000018
100000000000000000000009002800441612000000000000000000000000010002100014386804231P00000000002            2  01143868042325042300000002706130000000001N050423000000000000000000000000000000000000000000000000000000000000000100014386860134SEVERINO CARLOS DE OLIVEIRA             RUA MONTE CASTELO - 262 AP.54 - AVIACAO             11702720                                                            000020
2SR. CAIXA, APOS O VENCIMENTO COBRAR 10% DE MULTA                                NAO RECEBER APOS 30 DIAS DO VENCIMENTO.                                                                                                                                                                                                         05042300000000000000504230000000000000       009002800441612014386804231P000021
100000000000000000000009002800441612000000000000000000000000010002100039393704231500000000002            2  01393937042325042300000001865130000000001N050423000000000000000000000000000000000000000000000000000000000000000100039393790850NAIRON RICARDO DE ARAUJO SANTOS         RUA NITEROI - 267 CASA 04 - JARDIM INDEP            11380350                                                            000023
2SR. CAIXA, APOS O VENCIMENTO COBRAR 10% DE MULTA                                NAO RECEBER APOS 30 DIAS DO VENCIMENTO.                                                                                                                                                                                                         05042300000000000000504230000000000000       0090028004416120393937042315000024
100000000000000000000009002800441612000000000000000000000000010002100019288704231300000000002            2  01192887042325042300000002511800000000001N050423000000000000000000000000000000000000000000000000000000000000000100019288787844EMERSON LUIZ MARTINEZ PEREIRA           RUA MONTE CASTELO - 296 AP.74 - AVIACAO             11702720                                                            000026
2SR. CAIXA, APOS O VENCIMENTO COBRAR 10% DE MULTA                                NAO RECEBER APOS 30 DIAS DO VENCIMENTO.                                                                                                                                                                                                         05042300000000000000504230000000000000       0090028004416120192887042313000027
9                                                                                                                                                                                                                                                                                                                                                                                                         000028