01REMESSA01COBRANCA       00000000000008017025HB SANTOS CONSTRUTORA E INCORP237BRADESCO       031221        MX0000143                                                                                                                                                                                                                                                                                     000001
100000000000000000000009033990000627000000000000000000000000010002020025035112211P00000000002            2  01250351122124122100000002577940000000001N031221000000000000000000000000000000000000000000000000000000000000000100025035170802WANDERSON LUIS DE CARVALHO              RUA JOAQUIM GONCALVES ROCHA - 302 - JARD            02859030                                                            000002
2SR. CAIXA, APOS O VENCIMENTO COBRAR 2% DE MULTA                                 NAO RECEBER APOS 30 DIAS DO VENCIMENTO.                                                                                                                                                                                                         03122100000000000000312210000000000000       009033990000627025035112211P000003
100000000000000000000009033990000627000000000000000000000000010002020007294312211700000000002            2  01072943122124122100000003467330000000001N031221000000000000000000000000000000000000000000000000000000000000000100007294351805CLAUDENIR APARECIDO VACARI              RUA CARLOS JOSE BORSTENS - 50 AP.93 - AV            11702750                                                            000005
2SR. CAIXA, APOS O VENCIMENTO COBRAR 2% DE MULTA                                 NAO RECEBER APOS 30 DIAS DO VENCIMENTO.                                                                                                                                                                                                         03122100000000000000312210000000000000       0090339900006270072943122117000006
100000000000000000000009033990000627000000000000000000000000010002020007525012211200000000002            2  01075250122124122100000003878370000000001N031221000000000000000000000000000000000000000000000000000000000000000100007525032866FERNANDO RIBEIRO                        RUA CARLOS JOSE BORSTENS - 50 AP.32 - AV            11702750                                                            000008
2SR. CAIXA, APOS O VENCIMENTO COBRAR 2% DE MULTA                                 NAO RECEBER APOS 30 DIAS DO VENCIMENTO.                                                                                                                                                                                                         03122100000000000000312210000000000000       0090339900006270075250122112000009
100000000000000000000009033990000627000000000000000000000000010002020005071412211800000000002            2  01050714122124122100000003402090000000001N031221000000000000000000000000000000000000000000000000000000000000000100005071481855ERIBALDO SANTANA CARVALHO               RUA HONDURAS - 477 - PARQUE DAS AMERICAS            09351070                                                            000011
2SR. CAIXA, APOS O VENCIMENTO COBRAR 2% DE MULTA                                 NAO RECEBER APOS 30 DIAS DO VENCIMENTO.                                                                                                                                                                                                         03122100000000000000312210000000000000       0090339900006270050714122118000012
100000000000000000000009033990000627000000000000000000000000010002020002841712211100000000002            2  01028417122124122100000003182960000000001N031221000000000000000000000000000000000000000000000000000000000000000100002841756416LUCIANA PINHEIRO DE ASSIS NUNES         RUA RIO ACIMA - 81 - RIACHO GRANDE - SAO            09830100                                                            000014
2SR. CAIXA, APOS O VENCIMENTO COBRAR 2% DE MULTA                                 NAO RECEBER APOS 30 DIAS DO VENCIMENTO.                                                                                                                                                                                                         03122100000000000000312210000000000000       0090339900006270028417122111000015
100000000000000000000009033990000627000000000000000000000000010002020084302012211000000000002            2  01843020122124122100000003198220000000001N031221000000000000000000000000000000000000000000000000000000000000000100084302097868FAUSTO TADEU VILOR                      RUA ANTONIO TAVARES - 466 - BAIRRO CAMBU            01542010                                                            000017
2SR. CAIXA, APOS O VENCIMENTO COBRAR 2% DE MULTA                                 NAO RECEBER APOS 30 DIAS DO VENCIMENTO.                                                                                                                                                                                                         03122100000000000000312210000000000000       0090339900006270843020122110000018
100000000000000000000009033990000627000000000000000000000000010002020028804212211000000000002            2  01288042122124122100000003142290000000001N031221000000000000000000000000000000000000000000000000000000000000000100028804202882GILBERTO FABIANO CABRAL DE CAMARGO      RUA CARLOS JOSE BORSTENS - 50 AP.44 - AV            11702750                                                            000020
2SR. CAIXA, APOS O VENCIMENTO COBRAR 2% DE MULTA                                 NAO RECEBER APOS 30 DIAS DO VENCIMENTO.                                                                                                                                                                                                         03122100000000000000312210000000000000       0090339900006270288042122110000021
100000000000000000000009033990000627000000000000000000000000010002020000991712211300000000002            2  01009917122124122100000003067000000000001N031221000000000000000000000000000000000000000000000000000000000000000100000991748808JAILSON BORGES DE ANDRADE               RUA IPIOBUNA - 45 - JARDIM CUMBICA - GUA            07240040                                                            000023
2SR. CAIXA, APOS O VENCIMENTO COBRAR 2% DE MULTA                                 NAO RECEBER APOS 30 DIAS DO VENCIMENTO.                                                                                                                                                                                                         03122100000000000000312210000000000000       0090339900006270009917122113000024
100000000000000000000009033990000627000000000000000000000000010002020022151612211P00000000002            2  01221516122124122100000003049180000000001N031221000000000000000000000000000000000000000000000000000000000000000100022151666816SAMIR LIMA DE ARAUJO                    AVENIDA GUARAPIRANGA - 2616 AP.131 BL.14            04902005                                                            000026
2SR. CAIXA, APOS O VENCIMENTO COBRAR 2% DE MULTA                                 NAO RECEBER APOS 30 DIAS DO VENCIMENTO.                                                                                                                                                                                                         03122100000000000000312210000000000000       009033990000627022151612211P000027
100000000000000000000009033990000627000000000000000000000000010002020022313112211100000000002            2  01223131122126122100000002345550000000001N031221000000000000000000000000000000000000000000000000000000000000000100022313116824ROSA MARIA BRITO DA SILVA               RUA SERVIDAO DE SAO MARCOS - 113 - JARDI            04930300                                                            000029
2SR. CAIXA, APOS O VENCIMENTO COBRAR 2% DE MULTA                                 NAO RECEBER APOS 30 DIAS DO VENCIMENTO.                                                                                                                                                                                                         03122100000000000000312210000000000000       0090339900006270223131122111000030
100000000000000000000009033990000627000000000000000000000000010002020027538012211300000000002            2  01275380122126122100000002353730000000001N031221000000000000000000000000000000000000000000000000000000000000000100027538087249MARA LUCIA MENEZES DA COSTA             RUA LEILA  - 183 - ITAQUERA - SAO PAULO             08240020                                                            000032
2SR. CAIXA, APOS O VENCIMENTO COBRAR 2% DE MULTA                                 NAO RECEBER APOS 30 DIAS DO VENCIMENTO.                                                                                                                                                                                                         03122100000000000000312210000000000000       0090339900006270275380122113000033
100000000000000000000009033990000627000000000000000000000000010002020031278412211P00000000002            2  01312784122124122100000002945610000000001N031221000000000000000000000000000000000000000000000000000000000000000100031278411836JEFFERSON DE PIERI PIRES ZAMUNER        RUA MANOEL ARCE - 277 - PARQUE BANCARIO             03922150                                                            000035
2SR. CAIXA, APOS O VENCIMENTO COBRAR 2% DE MULTA                                 NAO RECEBER APOS 30 DIAS DO VENCIMENTO.                                                                                                                                                                                                         03122100000000000000312210000000000000       009033990000627031278412211P000036
100000000000000000000009033990000627000000000000000000000000010002020019185712211100000000002            2  01191857122126122100000002141960000000001N031221000000000000000000000000000000000000000000000000000000000000000100019185769800AGUINALDO PESSOA DE LIMA                RUA JANUARIO ZINGARO - 252 AP.303 BL.04             05794300                                                            000038
2SR. CAIXA, APOS O VENCIMENTO COBRAR 2% DE MULTA                                 NAO RECEBER APOS 30 DIAS DO VENCIMENTO.                                                                                                                                                                                                         03122100000000000000312210000000000000       0090339900006270191857122111000039
100000000000000000000009033990000627000000000000000000000000010002020033303612211200000000002            2  01333036122126122100000002307060000000001N031221000000000000000000000000000000000000000000000000000000000000000100033303645809JESSICA DA SILVA FREITAS                RUA ARILDO VALADAO - 120 - JARDIM GUAEMB            04814600                                                            000041
2SR. CAIXA, APOS O VENCIMENTO COBRAR 2% DE MULTA                                 NAO RECEBER APOS 30 DIAS DO VENCIMENTO.                                                                                                                                                                                                         03122100000000000000312210000000000000       0090339900006270333036122112000042
100000000000000000000009033990000627000000000000000000000000010002020006422612211800000000002            2  01064226122124122100000003190160000000001N031221000000000000000000000000000000000000000000000000000000000000000100006422607881GERALDO ALVES DA SILVA                  RUA CARLOS JOSE BORSTENS - 50 AP.14 - AV            11702750                                                            000044
2SR. CAIXA, APOS O VENCIMENTO COBRAR 2% DE MULTA                                 NAO RECEBER APOS 30 DIAS DO VENCIMENTO.                                                                                                                                                                                                         03122100000000000000312210000000000000       0090339900006270064226122118000045
100000000000000000000009033990000627000000000000000000000000010002020033877112211P00000000002            2  01338771122126122100000002162940000000001N031221000000000000000000000000000000000000000000000000000000000000000100033877129870HELDER FERREIRA VIANA                   RUA JOSE CALIXTO DO CARMO - 286 AP.35 -             11702690                                                            000047
2SR. CAIXA, APOS O VENCIMENTO COBRAR 2% DE MULTA                                 NAO RECEBER APOS 30 DIAS DO VENCIMENTO.                                                                                                                                                                                                         03122100000000000000312210000000000000       009033990000627033877112211P000048
100000000000000000000009033990000627000000000000000000000000010002020028290712211300000000002            2  01282907122126122100000001993440000000001N031221000000000000000000000000000000000000000000000000000000000000000100028290719809VANESSA GIANGARRELLI PEREIRA            RUA BARINEL - 72 - JARDIM COTCHING - SAO            03462130                                                            000050
2SR. CAIXA, APOS O VENCIMENTO COBRAR 2% DE MULTA                                 NAO RECEBER APOS 30 DIAS DO VENCIMENTO.                                                                                                                                                                                                         03122100000000000000312210000000000000       0090339900006270282907122113000051
100000000000000000000009033990000627000000000000000000000000010002020087573012211900000000002            2  01875730122126122100000002176800000000001N031221000000000000000000000000000000000000000000000000000000000000000100087573059604VANDERLEY DE ASSIS                      RUA ROMEU ALBANI - 268 - JARDIM PARQUE R            13803810                                                            000053
2SR. CAIXA, APOS O VENCIMENTO COBRAR 2% DE MULTA                                 NAO RECEBER APOS 30 DIAS DO VENCIMENTO.                                                                                                                                                                                                         03122100000000000000312210000000000000       0090339900006270875730122119000054
100000000000000000000009033990000627000000000000000000000000010002020010825512211600000000002            2  01108255122126122100000002271600000000001N031221000000000000000000000000000000000000000000000000000000000000000100010825513847JOSE APARECIDO PEREIRA                  RUA GENERAL OSORIO - 305 - JARDIM TRINTA            11515130                                                            000056
2SR. CAIXA, APOS O VENCIMENTO COBRAR 2% DE MULTA                                 NAO RECEBER APOS 30 DIAS DO VENCIMENTO.                                                                                                                                                                                                         03122100000000000000312210000000000000       0090339900006270108255122116000057
100000000000000000000009033990000627000000000000000000000000010002020039115112211800000000002            2  01391151122126122100000002800150000000001N031221000000000000000000000000000000000000000000000000000000000000000100039115139840LAIS CRISTINA RIBEIRO ANDO              RUA JOSE CALIXTO DO CARMO - 286 AP.65 -             11702690                                                            000059
2SR. CAIXA, APOS O VENCIMENTO COBRAR 2% DE MULTA                                 NAO RECEBER APOS 30 DIAS DO VENCIMENTO.                                                                                                                                                                                                         03122100000000000000312210000000000000       0090339900006270391151122118000060
100000000000000000000009033990000627000000000000000000000000010002020029617512211600000000002            2  01296175122124122100000003131230000000001N031221000000000000000000000000000000000000000000000000000000000000000100029617510553MARILENE SOUZA DE OLIVEIRA              AVENIDA BRASIL - 393 AP.09 - PARQUE DAS             09210280                                                            000062
2SR. CAIXA, APOS O VENCIMENTO COBRAR 2% DE MULTA                                 NAO RECEBER APOS 30 DIAS DO VENCIMENTO.                                                                                                                                                                                                         03122100000000000000312210000000000000       0090339900006270296175122116000063
100000000000000000000009033990000627000000000000000000000000010002020000593212211600000000002            2  01005932122124122100000003434200000000001N031221000000000000000000000000000000000000000000000000000000000000000100000593293860WALTER HELIO BARBOSA FILHO              AVENIDA ANTONIO FREDERICO OZANAN - 9500             13214206                                                            000065
2SR. CAIXA, APOS O VENCIMENTO COBRAR 2% DE MULTA                                 NAO RECEBER APOS 30 DIAS DO VENCIMENTO.                                                                                                                                                                                                         03122100000000000000312210000000000000       0090339900006270005932122116000066
100000000000000000000009033990000627000000000000000000000000010002020065584112211800000000002            2  01655841122124122100000001802780000000001N031221000000000000000000000000000000000000000000000000000000000000000100065584147834JOAQUIM DA COSTA MACHADO NETO           RUA CARLOS JOSE BORSTENS - 50 AP.42 - AV            11702750                                                            000068
2SR. CAIXA, APOS O VENCIMENTO COBRAR 2% DE MULTA                                 NAO RECEBER APOS 30 DIAS DO VENCIMENTO.                                                                                                                                                                                                         03122100000000000000312210000000000000       0090339900006270655841122118000069
100000000000000000000009033990000627000000000000000000000000010002020065584112212600000000002            2  01655841122124122100000001802770000000001N031221000000000000000000000000000000000000000000000000000000000000000100065584147834JOAQUIM DA COSTA MACHADO NETO           RUA CARLOS JOSE BORSTENS - 50 AP.42 - AV            11702750                                                            000071
2SR. CAIXA, APOS O VENCIMENTO COBRAR 2% DE MULTA                                 NAO RECEBER APOS 30 DIAS DO VENCIMENTO.                                                                                                                                                                                                         03122100000000000000312210000000000000       0090339900006270655841122126000072
100000000000000000000009033990000627000000000000000000000000010002020006684612211000000000002            2  01066846122126122100000002306780000000001N031221000000000000000000000000000000000000000000000000000000000000000100006684623884LAUDINOR VIEIRA GARCIA                  RUA CANDIDO SALES - 374 - JARDIM PRESIDE            07172000                                                            000074
2SR. CAIXA, APOS O VENCIMENTO COBRAR 2% DE MULTA                                 NAO RECEBER APOS 30 DIAS DO VENCIMENTO.                                                                                                                                                                                                         03122100000000000000312210000000000000       0090339900006270066846122110000075
100000000000000000000009033990000627000000000000000000000000010002020011663512211100000000002            2  01116635122126122100000002323380000000001N031221000000000000000000000000000000000000000000000000000000000000000100011663589844MARIA SAVIO QUARELLO                    AVENIDA MENDONCA DRUMOND - 321 - JARDIM             03524030                                                            000077
2SR. CAIXA, APOS O VENCIMENTO COBRAR 2% DE MULTA                                 NAO RECEBER APOS 30 DIAS DO VENCIMENTO.                                                                                                                                                                                                         03122100000000000000312210000000000000       0090339900006270116635122111000078
100000000000000000000009033990000627000000000000000000000000010002020010083812211300000000002            2  01100838122126122100000002244770000000001N031221000000000000000000000000000000000000000000000000000000000000000100010083824855IONE FERREIRA COUTO DA SILVA            RUA JOSE RAGEL DE MESQUITA - 60 CS.01 -             07799999                                                            000080
2SR. CAIXA, APOS O VENCIMENTO COBRAR 2% DE MULTA                                 NAO RECEBER APOS 30 DIAS DO VENCIMENTO.                                                                                                                                                                                                         03122100000000000000312210000000000000       0090339900006270100838122113000081
100000000000000000000009033990000627000000000000000000000000010002020031010712211900000000002            2  01310107122126122100000002202850000000001N031221000000000000000000000000000000000000000000000000000000000000000100031010705890ANDRE GONZALEZ RABELLO                  RUA PARAIBA - 106 AP.61 - POMPEIA - SANT            11065470                                                            000083
2SR. CAIXA, APOS O VENCIMENTO COBRAR 2% DE MULTA                                 NAO RECEBER APOS 30 DIAS DO VENCIMENTO.                                                                                                                                                                                                         03122100000000000000312210000000000000       0090339900006270310107122119000084
100000000000000000000009033990000627000000000000000000000000010002020005351012211800000000002            2  01053510122126122100000002065390000000001N031221000000000000000000000000000000000000000000000000000000000000000100005351015897VALERIA ALVES MARCOLINO HINNIGER        RUA JOSE CALIXTO DO CARMO - 286 AP.92 -             11702690                                                            000086
2SR. CAIXA, APOS O VENCIMENTO COBRAR 2% DE MULTA                                 NAO RECEBER APOS 30 DIAS DO VENCIMENTO.                                                                                                                                                                                                         03122100000000000000312210000000000000       0090339900006270053510122118000087
100000000000000000000009033990000627000000000000000000000000010002020031898712211300000000002            2  01318987122124122100000003285980000000001N031221000000000000000000000000000000000000000000000000000000000000000100031898775800ANITA MARTINS COLOMBO                   RUA CARLOS JOSE BORSTENS - 50 AP.115 - A            11702750                                                            000089
2SR. CAIXA, APOS O VENCIMENTO COBRAR 2% DE MULTA                                 NAO RECEBER APOS 30 DIAS DO VENCIMENTO.                                                                                                                                                                                                         03122100000000000000312210000000000000       0090339900006270318987122113000090
100000000000000000000009033990000627000000000000000000000000010002020037983412211300000000002            2  01379834122126122100000002426180000000001N031221000000000000000000000000000000000000000000000000000000000000000100037983484801JOSE ERIVALDO SOUZA DO NASCIMENTO RAMOS RUA LETICIA - 250 - JARDIM GUARUJA - SAO            05877260                                                            000092
2SR. CAIXA, APOS O VENCIMENTO COBRAR 2% DE MULTA                                 NAO RECEBER APOS 30 DIAS DO VENCIMENTO.                                                                                                                                                                                                         03122100000000000000312210000000000000       0090339900006270379834122113000093
100000000000000000000009033990000627000000000000000000000000010002020056289212211400000000002            2  01562892122126122100000001832840000000001N031221000000000000000000000000000000000000000000000000000000000000000100056289286900PEDRO RIBEIRO                           RUA CONEGO MANOEL VAZ - 48 - SANTANA - S            02019050                                                            000095
2SR. CAIXA, APOS O VENCIMENTO COBRAR 2% DE MULTA                                 NAO RECEBER APOS 30 DIAS DO VENCIMENTO.                                                                                                                                                                                                         03122100000000000000312210000000000000       0090339900006270562892122114000096
100000000000000000000009033990000627000000000000000000000000010002020034735312211000000000002            2  01347353122126122100000002515480000000001N031221000000000000000000000000000000000000000000000000000000000000000100034735328866DIEGO FELIPE MOLINA DA SILVA E SOUSA    RUA EMILIA PAULISTA - 135 - VILA TIRADEN            05364020                                                            000098
2SR. CAIXA, APOS O VENCIMENTO COBRAR 2% DE MULTA                                 NAO RECEBER APOS 30 DIAS DO VENCIMENTO.                                                                                                                                                                                                         03122100000000000000312210000000000000       0090339900006270347353122110000099
100000000000000000000009033990000627000000000000000000000000010002020076175612211100000000002            2  01761756122124122100000004560250000000001N031221000000000000000000000000000000000000000000000000000000000000000100076175685687GILMAR DE OLIVEIRA BRAGA                RUA MARACAJU - 161 AP.202 - NOVA GRANADA            30431350                                                            000101
2SR. CAIXA, APOS O VENCIMENTO COBRAR 2% DE MULTA                                 NAO RECEBER APOS 30 DIAS DO VENCIMENTO.                                                                                                                                                                                                         03122100000000000000312210000000000000       0090339900006270761756122111000102
100000000000000000000009033990000627000000000000000000000000010002020034812212211400000000002            2  01348122122124122100000004349150000000001N031221000000000000000000000000000000000000000000000000000000000000000100034812226880THAIS TORQUATO MIMOSO DE JESUS          RUA ARNALDO CINTRA - 416 AP.104 TORRE 2             03088000                                                            000104
2SR. CAIXA, APOS O VENCIMENTO COBRAR 2% DE MULTA                                 NAO RECEBER APOS 30 DIAS DO VENCIMENTO.                                                                                                                                                                                                         03122100000000000000312210000000000000       0090339900006270348122122114000105
100000000000000000000009033990000627000000000000000000000000010002020012849412211000000000002            2  01128494122126122100000004333490000000001N031221000000000000000000000000000000000000000000000000000000000000000100012849428809MOISES CLAUDIO DO ROSARIO               AVENIDA DR. AUGUSTO DE TOLEDO - 510 AP.1            09541520                                                            000107
2SR. CAIXA, APOS O VENCIMENTO COBRAR 2% DE MULTA                                 NAO RECEBER APOS 30 DIAS DO VENCIMENTO.                                                                                                                                                                                                         03122100000000000000312210000000000000       0090339900006270128494122110000108
100000000000000000000009033990000627000000000000000000000000010002020015702312211000000000002            2  01157023122126122100000002404300000000001N031221000000000000000000000000000000000000000000000000000000000000000100015702353846MARIA DE LOURDES DE MACENO SOUZA        RUA JOSE CALIXTO DO CARMO - 286 AP.83 -             11702690                                                            000110
2SR. CAIXA, APOS O VENCIMENTO COBRAR 2% DE MULTA                                 NAO RECEBER APOS 30 DIAS DO VENCIMENTO.                                                                                                                                                                                                         03122100000000000000312210000000000000       0090339900006270157023122110000111
100000000000000000000009033990000627000000000000000000000000010002020003658612211500000000002            2  01036586122126122100000001790250000000001N031221000000000000000000000000000000000000000000000000000000000000000100003658668814MARINEZ VALENTIN                        RUA JOSE CALIXTO DO CARMO - 286 AP.95 -             11702690                                                            000113
2SR. CAIXA, APOS O VENCIMENTO COBRAR 2% DE MULTA                                 NAO RECEBER APOS 30 DIAS DO VENCIMENTO.                                                                                                                                                                                                         03122100000000000000312210000000000000       0090339900006270036586122115000114
100000000000000000000009033990000627000000000000000000000000010002020003658612212300000000002            2  01036586122126122100000001790240000000001N031221000000000000000000000000000000000000000000000000000000000000000100003658668814MARINEZ VALENTIN                        RUA JOSE CALIXTO DO CARMO - 286 AP.95 -             11702690                                                            000116
2SR. CAIXA, APOS O VENCIMENTO COBRAR 2% DE MULTA                                 NAO RECEBER APOS 30 DIAS DO VENCIMENTO.                                                                                                                                                                                                         03122100000000000000312210000000000000       0090339900006270036586122123000117
100000000000000000000009033990000627000000000000000000000000010002020014087412211300000000002            2  01140874122126122100000002392520000000001N031221000000000000000000000000000000000000000000000000000000000000000100014087484874SERGIO SANTOS DO NASCIMENTO             RUA JOSE CALIXTO DO CARMO - 286 AP.52 -             11702690                                                            000119
2SR. CAIXA, APOS O VENCIMENTO COBRAR 2% DE MULTA                                 NAO RECEBER APOS 30 DIAS DO VENCIMENTO.                                                                                                                                                                                                         03122100000000000000312210000000000000       0090339900006270140874122113000120
100000000000000000000009033990000627000000000000000000000000010002020026834512211200000000002            2  01268345122126122100000002204420000000001N031221000000000000000000000000000000000000000000000000000000000000000100026834550895RAQUEL CARDOSO JOAO                     RUA PEDROSO XAVIER - 277 AP.23 TORRE 01             02732020                                                            000122
2SR. CAIXA, APOS O VENCIMENTO COBRAR 2% DE MULTA                                 NAO RECEBER APOS 30 DIAS DO VENCIMENTO.                                                                                                                                                                                                         03122100000000000000312210000000000000       0090339900006270268345122112000123
100000000000000000000009033990000627000000000000000000000000010002020039540012211000000000002            2  01395400122126122100000002167240000000001N031221000000000000000000000000000000000000000000000000000000000000000100039540008816LUZINETE CLARINDO SILVA                 RUA DEINOS - 275 - BAIRRO CIDADE SATELIT            08340100                                                            000125
2SR. CAIXA, APOS O VENCIMENTO COBRAR 2% DE MULTA                                 NAO RECEBER APOS 30 DIAS DO VENCIMENTO.                                                                                                                                                                                                         03122100000000000000312210000000000000       0090339900006270395400122110000126
100000000000000000000009033990000627000000000000000000000000010002020003311012211800000000002            2  01033110122126122100000002256920000000001N031221000000000000000000000000000000000000000000000000000000000000000100003311030877SEBASTIAO SARUVA NETO                   RUA HAMILTON REGIS - 559 - BAIRRO DO LIM            08051440                                                            000128
2SR. CAIXA, APOS O VENCIMENTO COBRAR 2% DE MULTA                                 NAO RECEBER APOS 30 DIAS DO VENCIMENTO.                                                                                                                                                                                                         03122100000000000000312210000000000000       0090339900006270033110122118000129
100000000000000000000009033990000627000000000000000000000000010002020090091912211400000000002            2  01900919122126122100000002157300000000001N031221000000000000000000000000000000000000000000000000000000000000000100090091990882JUECIR CARVALHO DA LUZ                  RUA JOSE CALIXTO DO CARMO - 286 AP.114 -            11702690                                                            000131
2SR. CAIXA, APOS O VENCIMENTO COBRAR 2% DE MULTA                                 NAO RECEBER APOS 30 DIAS DO VENCIMENTO.                                                                                                                                                                                                         03122100000000000000312210000000000000       0090339900006270900919122114000132
100000000000000000000009033990000627000000000000000000000000010002020037325912211600000000002            2  01373259122126122100000001765450000000001N031221000000000000000000000000000000000000000000000000000000000000000100037325923830MARIA AUGUSTA OLIVEIRA DE ANDRADE       RUA CAIAPOS - 842 AP.63 - VILA TUPI - PR            11703320                                                            000134
2SR. CAIXA, APOS O VENCIMENTO COBRAR 2% DE MULTA                                 NAO RECEBER APOS 30 DIAS DO VENCIMENTO.                                                                                                                                                                                                         03122100000000000000312210000000000000       0090339900006270373259122116000135
100000000000000000000009033990000627000000000000000000000000010002020012478812211300000000002            2  01124788122124122100000003214100000000001N031221000000000000000000000000000000000000000000000000000000000000000100012478899809VITORIA BATISTA QUEIROZ                 RUA CARVALHO DE FREITAS - 255 AP.71A - V            05728030                                                            000137
2SR. CAIXA, APOS O VENCIMENTO COBRAR 2% DE MULTA                                 NAO RECEBER APOS 30 DIAS DO VENCIMENTO.                                                                                                                                                                                                         03122100000000000000312210000000000000       0090339900006270124788122113000138
100000000000000000000009033990000627000000000000000000000000010002020097989912211800000000002            2  01979899122126122100000001482150000000001N031221000000000000000000000000000000000000000000000000000000000000000100097989924820NELSON LUIS BERRIBILLE                  RUA SILVEIRA IGNACIO SOBRINHO - 965 - VI            13560294                                                            000140
2SR. CAIXA, APOS O VENCIMENTO COBRAR 2% DE MULTA                                 NAO RECEBER APOS 30 DIAS DO VENCIMENTO.                                                                                                                                                                                                         03122100000000000000312210000000000000       0090339900006270979899122118000141
100000000000000000000009033990000627000000000000000000000000010002020032341812211700000000002            2  01323418122124122100000003338520000000001N031221000000000000000000000000000000000000000000000000000000000000000100032341847803PRISCILA ALVES DE FRANCA MIRANDA        RUA CARLOS JOSE BORSTENS - 50 AP.91 - AV            11702750                                                            000143
2SR. CAIXA, APOS O VENCIMENTO COBRAR 2% DE MULTA                                 NAO RECEBER APOS 30 DIAS DO VENCIMENTO.                                                                                                                                                                                                         03122100000000000000312210000000000000       0090339900006270323418122117000144
100000000000000000000009033990000627000000000000000000000000010002020016050612211200000000002            2  01160506122124122100000003098800000000001N031221000000000000000000000000000000000000000000000000000000000000000100016050684898ANDRE RODRIGUES DE OLIVEIRA             RUA CORACAO PAULISTA - 14 - FAZENDA ITAI            08132430                                                            000146
2SR. CAIXA, APOS O VENCIMENTO COBRAR 2% DE MULTA                                 NAO RECEBER APOS 30 DIAS DO VENCIMENTO.                                                                                                                                                                                                         03122100000000000000312210000000000000       0090339900006270160506122112000147
100000000000000000000009033990000627000000000000000000000000010002020021464912211600000000002            2  01214649122124122100000004883800000000001N031221000000000000000000000000000000000000000000000000000000000000000100021464965846ANDREA APARECIDA DE OLIVEIRA PECCI      RUA ANTONIO BOZ MARFIL - 103 - PARQUE DO            05396020                                                            000149
2SR. CAIXA, APOS O VENCIMENTO COBRAR 2% DE MULTA                                 NAO RECEBER APOS 30 DIAS DO VENCIMENTO.                                                                                                                                                                                                         03122100000000000000312210000000000000       0090339900006270214649122116000150
100000000000000000000009033990000627000000000000000000000000010002020030348112211800000000002            2  01303481122124122100000002959090000000001N031221000000000000000000000000000000000000000000000000000000000000000100030348198892KELLY CRISTINA CORDEIRO                 RUA CARLOS JOSE BORSTENS - 50 AP.25 - AV            11702750                                                            000152
2SR. CAIXA, APOS O VENCIMENTO COBRAR 2% DE MULTA                                 NAO RECEBER APOS 30 DIAS DO VENCIMENTO.                                                                                                                                                                                                         03122100000000000000312210000000000000       0090339900006270303481122118000153
9                                                                                                                                                                                                                                                                                                                                                                                                         000154