01REMESSA01COBRANCA       00000000000005316116AIRES CONSTRUTORA E INCORPORAD237BRADESCO       090524        MX0000242                                                                                                                                                                                                                                                                                     000001
100000000000000000000009002800441612000000000000000000000000010002020039393705241800000000002            2  01393937052425052400000002019460000000001N080524000000000000000000000000000000000000000000000000000000000000000100039393790850NAIRON RICARDO DE ARAUJO SANTOS         RUA NITEROI - 267 CASA 04 - JARDIM INDEP            11380350                                                            000002
2SR. CAIXA, APOS O VENCIMENTO COBRAR 2% DE MULTA                                 NAO RECEBER APOS 30 DIAS DO VENCIMENTO.                                                                                                                                                                                                         09052400000000000000905240000000000000       0090028004416120393937052418000003
9                                                                                                                                                                                                                                                                                                                                                                                                         000004