01REMESSA01COBRANCA       00000000000008017025HB SANTOS CONSTRUTORA E INCORP237BRADESCO       110417        MX0000028                                                                                                                                                                                                                                                                                     000001
100000000000000000000009033990000627000000000000000000000000010002020019256152192000000000002            2  01192561521924041700000001739390000000099N110417000000000000000000000000000000000000000000000000000000000000000100025035170802WANDERSON LUIS DE CARVALHO              RUA JOAQUIM GONCALVES ROCHA - 302 - JARD            02859030                                                            000002
2SR. CAIXA, APOS O VENCIMENTO COBRAR 2% DE MULTA                                 NAO RECEBER APOS 30 DIAS DO VENCIMENTO.                                                                                                                                                                                                         11041700000000000001104170000000000000       0090339900006270192561521920000003
100000000000000000000009033990000627000000000000000000000000010002020019402153193800000000002            2  01194021531924041700000002339550000000099N110417000000000000000000000000000000000000000000000000000000000000000100007294351805CLAUDENIR APARECIDO VACARI              RUA OFELIA CHAVES DE MEIRELLES - 989 CAS            11360210                                                            000005
2SR. CAIXA, APOS O VENCIMENTO COBRAR 2% DE MULTA                                 NAO RECEBER APOS 30 DIAS DO VENCIMENTO.                                                                                                                                                                                                         11041700000000000001104170000000000000       0090339900006270194021531938000006
100000000000000000000009033990000627000000000000000000000000010002020019548154194600000000002            2  01195481541924041700000002364070000000099N110417000000000000000000000000000000000000000000000000000000000000000100042976111634ACACIO TOSCANO BONDANCA                 RUA COMENDADOR JACOMO ANTONIO LA SELVA -            12946797                                                            000008
2SR. CAIXA, APOS O VENCIMENTO COBRAR 2% DE MULTA                                 NAO RECEBER APOS 30 DIAS DO VENCIMENTO.                                                                                                                                                                                                         11041700000000000001104170000000000000       0090339900006270195481541946000009
100000000000000000000009033990000627000000000000000000000000010002020020293158200800000000002            2  01202931582024041700000001996580000000099N110417000000000000000000000000000000000000000000000000000000000000000100035438022836ALESSANDRO FARACO DOS SANTOS            RUA PEDRO POMAR  - 145 - JARDIM ELISA MA            02875020                                                            000011
2SR. CAIXA, APOS O VENCIMENTO COBRAR 2% DE MULTA                                 NAO RECEBER APOS 30 DIAS DO VENCIMENTO.                                                                                                                                                                                                         11041700000000000001104170000000000000       0090339900006270202931582008000012
100000000000000000000009033990000627000000000000000000000000010002020021635167212400000000002            2  01216351672124041700000001066810000000099N110417000000000000000000000000000000000000000000000000000000000000000100007525032866FERNANDO RIBEIRO                        RUA ALDO COLI - 539 - VILA MIRIM - PRAIA            11704760                                                            000014
2SR. CAIXA, APOS O VENCIMENTO COBRAR 2% DE MULTA                                 NAO RECEBER APOS 30 DIAS DO VENCIMENTO.                                                                                                                                                                                                         11041700000000000001104170000000000000       0090339900006270216351672124000015
100000000000000000000009033990000627000000000000000000000000010002020021780168213P00000000002            2  01217801682124041700000003007680000000099N110417000000000000000000000000000000000000000000000000000000000000000100031898775800ANITA MARTINS COLOMBO                   RUA GUIAN - 334 AP.51 - VILA CAMPESTRE -            04330090                                                            000017
2SR. CAIXA, APOS O VENCIMENTO COBRAR 2% DE MULTA                                 NAO RECEBER APOS 30 DIAS DO VENCIMENTO.                                                                                                                                                                                                         11041700000000000001104170000000000000       009033990000627021780168213P000018
100000000000000000000009033990000627000000000000000000000000010002020021926169214100000000002            2  01219261692124041700000002295490000000099N110417000000000000000000000000000000000000000000000000000000000000000100005520147884ERIBALDO SANTANA CARVALHO               RUA HONDURAS - 477 - PARQUE DAS AMERICAS            09351070                                                            000020
2SR. CAIXA, APOS O VENCIMENTO COBRAR 2% DE MULTA                                 NAO RECEBER APOS 30 DIAS DO VENCIMENTO.                                                                                                                                                                                                         11041700000000000001104170000000000000       0090339900006270219261692141000021
100000000000000000000009033990000627000000000000000000000000010002020022576173220400000000002            2  01225761732224041700000002147610000000099N110417000000000000000000000000000000000000000000000000000000000000000100002841756416LUCIANA PINHEIRO DE ASSIS NUNES         RUA RIO ACIMA - 81 - RIACHO GRANDE - SAO            09830100                                                            000023
2SR. CAIXA, APOS O VENCIMENTO COBRAR 2% DE MULTA                                 NAO RECEBER APOS 30 DIAS DO VENCIMENTO.                                                                                                                                                                                                         11041700000000000001104170000000000000       0090339900006270225761732204000024
100000000000000000000009033990000627000000000000000000000000010002020022724174221800000000002            2  01227241742224041700000002157910000000099N110417000000000000000000000000000000000000000000000000000000000000000100084302097868FAUSTO TADEU VILOR                      RUA ANTONIO TAVARES - 466 - BAIRRO CAMBU            01542010                                                            000026
2SR. CAIXA, APOS O VENCIMENTO COBRAR 2% DE MULTA                                 NAO RECEBER APOS 30 DIAS DO VENCIMENTO.                                                                                                                                                                                                         11041700000000000001104170000000000000       0090339900006270227241742218000027
100000000000000000000009033990000627000000000000000000000000010002020024624185234400000000002            2  01246241852324041700000002048780000000099N110417000000000000000000000000000000000000000000000000000000000000000100018207096802ROBERTO VALENTE TAVARES                 RUA SEBASTIAO GOMES - 218 - JARDIM SANTO            13835000                                                            000029
2SR. CAIXA, APOS O VENCIMENTO COBRAR 2% DE MULTA                                 NAO RECEBER APOS 30 DIAS DO VENCIMENTO.                                                                                                                                                                                                         11041700000000000001104170000000000000       0090339900006270246241852344000030
100000000000000000000009033990000627000000000000000000000000010002020024917176236800000000002            2  01249171762324041700000002120190000000099N110417000000000000000000000000000000000000000000000000000000000000000100028804202882GILBERTO FABIANO CABRAL DE CAMARGO      RUA JOSE TIMOTEO DA SILVA - 120 AP.62 BL            06172220                                                            000032
2SR. CAIXA, APOS O VENCIMENTO COBRAR 2% DE MULTA                                 NAO RECEBER APOS 30 DIAS DO VENCIMENTO.                                                                                                                                                                                                         11041700000000000001104170000000000000       0090339900006270249171762368000033
100000000000000000000009033990000627000000000000000000000000010002020025358187239700000000002            2  01253581872324041700000002069360000000099N110417000000000000000000000000000000000000000000000000000000000000000100000991748808JAILSON BORGES DE ANDRADE               RUA SAO GABRIEL DA CACHOEIRA - 28 - JARD            07240080                                                            000035
2SR. CAIXA, APOS O VENCIMENTO COBRAR 2% DE MULTA                                 NAO RECEBER APOS 30 DIAS DO VENCIMENTO.                                                                                                                                                                                                         11041700000000000001104170000000000000       0090339900006270253581872397000036
100000000000000000000009033990000627000000000000000000000000010002020025504188240P00000000002            2  01255041882424041700000002821350000000099N110417000000000000000000000000000000000000000000000000000000000000000100092180299834LUIS ROBERTO DE SA DUARTE               RUA TEBAS - 296 AP.84 BLOCO 2 CE - JARDI            04634031                                                            000038
2SR. CAIXA, APOS O VENCIMENTO COBRAR 2% DE MULTA                                 NAO RECEBER APOS 30 DIAS DO VENCIMENTO.                                                                                                                                                                                                         11041700000000000001104170000000000000       009033990000627025504188240P000039
100000000000000000000009033990000627000000000000000000000000010002020025942191243900000000002            2  01259421912424041700000002057360000000099N110417000000000000000000000000000000000000000000000000000000000000000100022151666816SAMIR LIMA DE ARAUJO                    AVENIDA GUARAPIRANGA - 2616 AP.42 BLOCO1            04902005                                                            000041
2SR. CAIXA, APOS O VENCIMENTO COBRAR 2% DE MULTA                                 NAO RECEBER APOS 30 DIAS DO VENCIMENTO.                                                                                                                                                                                                         11041700000000000001104170000000000000       0090339900006270259421912439000042
100000000000000000000009033990000627000000000000000000000000010002020026089186244400000000002            2  01260891862426041700000001634230000000099N110417000000000000000000000000000000000000000000000000000000000000000100022313116824ROSA MARIA BRITO DA SILVA               RUA SERVIDAO DE SAO MARCOS - 113 - JARDI            04930300                                                            000044
2SR. CAIXA, APOS O VENCIMENTO COBRAR 2% DE MULTA                                 NAO RECEBER APOS 30 DIAS DO VENCIMENTO.                                                                                                                                                                                                         11041700000000000001104170000000000000       0090339900006270260891862444000045
100000000000000000000009033990000627000000000000000000000000010002020026239184245800000000002            2  01262391842426041700000001639920000000099N110417000000000000000000000000000000000000000000000000000000000000000100027538087249MARA LUCIA MENEZES DA COSTA             RUA LEILA  - 183 - ITAQUERA - SAO PAULO             08240020                                                            000047
2SR. CAIXA, APOS O VENCIMENTO COBRAR 2% DE MULTA                                 NAO RECEBER APOS 30 DIAS DO VENCIMENTO.                                                                                                                                                                                                         11041700000000000001104170000000000000       0090339900006270262391842458000048
100000000000000000000009033990000627000000000000000000000000010002020026386179246700000000002            2  01263861792426041700000001736100000000099N110417000000000000000000000000000000000000000000000000000000000000000100020105503827VALTER DE SOUSA LIBARINO FILHO          RUA DAS PAINEIRAS - 140 - LARANJEIRAS -             07700000                                                            000050
2SR. CAIXA, APOS O VENCIMENTO COBRAR 2% DE MULTA                                 NAO RECEBER APOS 30 DIAS DO VENCIMENTO.                                                                                                                                                                                                         11041700000000000001104170000000000000       0090339900006270263861792467000051
100000000000000000000009033990000627000000000000000000000000010002020026529192247P00000000002            2  01265291922424041700000001987490000000099N110417000000000000000000000000000000000000000000000000000000000000000100031278411836JEFFERSON DE PIERI PIRES ZAMUNER        RUA MANOEL ARCE - 277 - PARQUE BANCARIO             03922150                                                            000053
2SR. CAIXA, APOS O VENCIMENTO COBRAR 2% DE MULTA                                 NAO RECEBER APOS 30 DIAS DO VENCIMENTO.                                                                                                                                                                                                         11041700000000000001104170000000000000       009033990000627026529192247P000054
100000000000000000000009033990000627000000000000000000000000010002020026958194251800000000002            2  01269581942526041700000001492380000000099N110417000000000000000000000000000000000000000000000000000000000000000100019185769800AGUINALDO PESSOA DE LIMA                RUA JANUARIO ZINGARO - 252 AP.303 BL.04             05794300                                                            000056
2SR. CAIXA, APOS O VENCIMENTO COBRAR 2% DE MULTA                                 NAO RECEBER APOS 30 DIAS DO VENCIMENTO.                                                                                                                                                                                                         11041700000000000001104170000000000000       0090339900006270269581942518000057
100000000000000000000009033990000627000000000000000000000000010002020027254196253300000000002            2  01272541962526041700000001005600000000099N110417000000000000000000000000000000000000000000000000000000000000000100033303645809JESSICA DA SILVA FREITAS                RUA ARILDO VALADAO - 120 - JARDIM GUAEMB            04814600                                                            000059
2SR. CAIXA, APOS O VENCIMENTO COBRAR 2% DE MULTA                                 NAO RECEBER APOS 30 DIAS DO VENCIMENTO.                                                                                                                                                                                                         11041700000000000001104170000000000000       0090339900006270272541962533000060
100000000000000000000009033990000627000000000000000000000000010002020027400197254000000000002            2  01274001972526041700000001620130000000099N110417000000000000000000000000000000000000000000000000000000000000000100004824443806ROSIMEIRE CLARA FERREIRA REZENDE        RUA JOAQUIM DE OLIVEIRA FREITAS - 912 AP            05133000                                                            000062
2SR. CAIXA, APOS O VENCIMENTO COBRAR 2% DE MULTA                                 NAO RECEBER APOS 30 DIAS DO VENCIMENTO.                                                                                                                                                                                                         11041700000000000001104170000000000000       0090339900006270274001972540000063
100000000000000000000009033990000627000000000000000000000000010002020027546198255900000000002            2  01275461982524041700000002152490000000099N110417000000000000000000000000000000000000000000000000000000000000000100006422607881GERALDO ALVES DA SILVA                  RUA ALFREDO JOREL - 195 AP.5 CONDOMINIO             04195020                                                            000065
2SR. CAIXA, APOS O VENCIMENTO COBRAR 2% DE MULTA                                 NAO RECEBER APOS 30 DIAS DO VENCIMENTO.                                                                                                                                                                                                         11041700000000000001104170000000000000       0090339900006270275461982559000066
100000000000000000000009033990000627000000000000000000000000010002020027692199256200000000002            2  01276921992526041700000001507000000000099N110417000000000000000000000000000000000000000000000000000000000000000100033877129870HELDER FERREIRA VIANA                   RUA LEOPOLDO MOTTA E SILVA - 93 AP.34 -             11320340                                                            000068
2SR. CAIXA, APOS O VENCIMENTO COBRAR 2% DE MULTA                                 NAO RECEBER APOS 30 DIAS DO VENCIMENTO.                                                                                                                                                                                                         11041700000000000001104170000000000000       0090339900006270276921992562000069
9                                                                                                                                                                                                                                                                                                                                                                                                         000070