01REMESSA01COBRANCA       00000000000005331186HB SANTOS CONSTRUTORA E INCORP237BRADESCO       010521        MX0000024                                                                                                                                                                                                                                                                                     000001
100000000000000000000009033990000995400000000000000000000000010002020005723205211700000000002            2  01057232052123052100000002627960000000001N010521000000000000000000000000000000000000000000000000000000000000000100005723255843FRANCISCO DE ASSIS DA SILVA             PRACA NICOLAU GERAIGIRE - 25 VISOR - JAR            11095110                                                            000002
2SR. CAIXA, APOS O VENCIMENTO COBRAR 2% DE MULTA                                 NAO RECEBER APOS 30 DIAS DO VENCIMENTO.                                                                                                                                                                                                         01052100000000000000105210000000000000       0090339900009954057232052117000003
100000000000000000000009033990000995400000000000000000000000010002020004928105211100000000002            2  01049281052123052100000002569950000000001N010521000000000000000000000000000000000000000000000000000000000000000100004928157800ADEMIR APARECIDO ANTUNES                RUA JAIME TAVEIRA - 91 AP.056 B - CHACAR            03732060                                                            000005
2SR. CAIXA, APOS O VENCIMENTO COBRAR 2% DE MULTA                                 NAO RECEBER APOS 30 DIAS DO VENCIMENTO.                                                                                                                                                                                                         01052100000000000000105210000000000000       0090339900009954049281052111000006
100000000000000000000009033990000995400000000000000000000000010002020011238005211900000000002            2  01112380052123052100000002536620000000001N010521000000000000000000000000000000000000000000000000000000000000000100011238052886SOLANGE DIAS DE SOUZA ROMANO            AVENIDA DR. ALTINO ARANTES - 865 AP.132             04042034                                                            000008
2SR. CAIXA, APOS O VENCIMENTO COBRAR 2% DE MULTA                                 NAO RECEBER APOS 30 DIAS DO VENCIMENTO.                                                                                                                                                                                                         01052100000000000000105210000000000000       0090339900009954112380052119000009
100000000000000000000009033990000995400000000000000000000000010002020032589105211000000000002            2  01325891052123052100000002486620000000001N010521000000000000000000000000000000000000000000000000000000000000000100032589165862RENATA ISABEL MARTINS SILVA             RUA HERCULANO DE FREITAS - 257 - FUNDACA            09520280                                                            000011
2SR. CAIXA, APOS O VENCIMENTO COBRAR 2% DE MULTA                                 NAO RECEBER APOS 30 DIAS DO VENCIMENTO.                                                                                                                                                                                                         01052100000000000000105210000000000000       0090339900009954325891052110000012
100000000000000000000009033990000995400000000000000000000000010002020088339305211400000000002            2  01883393052123052100000002513560000000001N010521000000000000000000000000000000000000000000000000000000000000000100088339319868MARCIA SIQUEIRA MELLO                   RUA ADELINO ALVES - 81 - SANTO AMARO - S            04710120                                                            000014
2SR. CAIXA, APOS O VENCIMENTO COBRAR 2% DE MULTA                                 NAO RECEBER APOS 30 DIAS DO VENCIMENTO.                                                                                                                                                                                                         01052100000000000000105210000000000000       0090339900009954883393052114000015
100000000000000000000009033990000995400000000000000000000000010002020088339305212200000000002            2  01883393052123052100000002513550000000001N010521000000000000000000000000000000000000000000000000000000000000000100088339319868MARCIA SIQUEIRA MELLO                   RUA ADELINO ALVES - 81 - SANTO AMARO - S            04710120                                                            000017
2SR. CAIXA, APOS O VENCIMENTO COBRAR 2% DE MULTA                                 NAO RECEBER APOS 30 DIAS DO VENCIMENTO.                                                                                                                                                                                                         01052100000000000000105210000000000000       0090339900009954883393052122000018
100000000000000000000009033990000995400000000000000000000000010002020046391205211P00000000002            2  01463912052123052100000002607460000000001N010521000000000000000000000000000000000000000000000000000000000000000100046391265810PAMELLA RODRIGUES DE OLIVEIRA           RUA AUGUSTA - 183 AP.301 BL.2A - VILA AU            07025130                                                            000020
2SR. CAIXA, APOS O VENCIMENTO COBRAR 2% DE MULTA                                 NAO RECEBER APOS 30 DIAS DO VENCIMENTO.                                                                                                                                                                                                         01052100000000000000105210000000000000       009033990000995446391205211P000021
100000000000000000000009033990000995400000000000000000000000010002020027964505211800000000002            2  01279645052123052100000001590790000000001N010521000000000000000000000000000000000000000000000000000000000000000100027964512838FABIO TADEU DE CAMPOS RADZIAVICIUS      AV.PROF.LUIZ IGNACIO ANHAIA MELLO - 2.58            03154100                                                            000023
2SR. CAIXA, APOS O VENCIMENTO COBRAR 2% DE MULTA                                 NAO RECEBER APOS 30 DIAS DO VENCIMENTO.                                                                                                                                                                                                         01052100000000000000105210000000000000       0090339900009954279645052118000024
100000000000000000000009033990000995400000000000000000000000010002020011498305211600000000002            2  01114983052123052100000001941050000000001N010521000000000000000000000000000000000000000000000000000000000000000100011498329837GERSON GERALDO DAS NEVES                RUA DOMINGOS DELGADO - 144 - VILA SOUZA             02881070                                                            000026
2SR. CAIXA, APOS O VENCIMENTO COBRAR 2% DE MULTA                                 NAO RECEBER APOS 30 DIAS DO VENCIMENTO.                                                                                                                                                                                                         01052100000000000000105210000000000000       0090339900009954114983052116000027
100000000000000000000009033990000995400000000000000000000000010002020068875605211400000000002            2  01688756052123052100000002574130000000001N010521000000000000000000000000000000000000000000000000000000000000000100068875673691ILDETE BATISTA NEIVA GOLFAR             RUA MARECHAL MAURICIO JOSE CARDOSO - 230            11700140                                                            000029
2SR. CAIXA, APOS O VENCIMENTO COBRAR 2% DE MULTA                                 NAO RECEBER APOS 30 DIAS DO VENCIMENTO.                                                                                                                                                                                                         01052100000000000000105210000000000000       0090339900009954688756052114000030
100000000000000000000009033990000995400000000000000000000000010002020000884205211800000000002            2  01008842052123052100000002364260000000001N010521000000000000000000000000000000000000000000000000000000000000000100000884239802ADEMIR MARTINS                          RUA MARECHAL HERMES - 417 AP.52 - BAIRRO            09090230                                                            000032
2SR. CAIXA, APOS O VENCIMENTO COBRAR 2% DE MULTA                                 NAO RECEBER APOS 30 DIAS DO VENCIMENTO.                                                                                                                                                                                                         01052100000000000000105210000000000000       0090339900009954008842052118000033
100000000000000000000009033990000995400000000000000000000000010002020025214405211200000000002            2  01252144052123052100000002297600000000001N010521000000000000000000000000000000000000000000000000000000000000000100025214401833JOSE MAURICIO DOS SANTOS RODRIGUES      RUA JOAO DE MACEDO RIBEIRO - 49 - VILA N            08111101                                                            000035
2SR. CAIXA, APOS O VENCIMENTO COBRAR 2% DE MULTA                                 NAO RECEBER APOS 30 DIAS DO VENCIMENTO.                                                                                                                                                                                                         01052100000000000000105210000000000000       0090339900009954252144052112000036
100000000000000000000009033990000995400000000000000000000000010002020033119105211P00000000002            2  01331191052123052100000002307330000000001N010521000000000000000000000000000000000000000000000000000000000000000100033119178802HUGO GOMES VENDRAME                     RUA SAO PAULO - 60 CASA 01 - VILA FREITA            06380110                                                            000038
2SR. CAIXA, APOS O VENCIMENTO COBRAR 2% DE MULTA                                 NAO RECEBER APOS 30 DIAS DO VENCIMENTO.                                                                                                                                                                                                         01052100000000000000105210000000000000       009033990000995433119105211P000039
100000000000000000000009033990000995400000000000000000000000010002020016631505211200000000002            2  01166315052123052100000002347590000000001N010521000000000000000000000000000000000000000000000000000000000000000100016631587468GILBERTO BEZERRA DA SILVA               AVENIDA JAIME TORRES - 745 CASA 3 - JARD            03670000                                                            000041
2SR. CAIXA, APOS O VENCIMENTO COBRAR 2% DE MULTA                                 NAO RECEBER APOS 30 DIAS DO VENCIMENTO.                                                                                                                                                                                                         01052100000000000000105210000000000000       0090339900009954166315052112000042
100000000000000000000009033990000995400000000000000000000000010002020007313205211500000000002            2  01073132052123052100000002330920000000001N010521000000000000000000000000000000000000000000000000000000000000000100007313251840SALVADOR GESUALDO PULVIRENTI            AVENIDA MARARI - 641 - VILA MARARI - SAO            04402010                                                            000044
2SR. CAIXA, APOS O VENCIMENTO COBRAR 2% DE MULTA                                 NAO RECEBER APOS 30 DIAS DO VENCIMENTO.                                                                                                                                                                                                         01052100000000000000105210000000000000       0090339900009954073132052115000045
100000000000000000000009033990000995400000000000000000000000010002020010676705211700000000002            2  01106767052123052100000002432930000000001N010521000000000000000000000000000000000000000000000000000000000000000100010676723896MERCEDES CRISTINA ROCHA SANDOVAL        RUA ITARARE - 446 AP.806 - JARDIM GUILHE            11701620                                                            000047
2SR. CAIXA, APOS O VENCIMENTO COBRAR 2% DE MULTA                                 NAO RECEBER APOS 30 DIAS DO VENCIMENTO.                                                                                                                                                                                                         01052100000000000000105210000000000000       0090339900009954106767052117000048
100000000000000000000009033990000995400000000000000000000000010002020009502805211500000000002            2  01095028052123052100000002540790000000001N010521000000000000000000000000000000000000000000000000000000000000000100009502844831CLAUDIA ROCHA SANDOVAL                  RUA ABAETE - 29.153 - VILA TUPI - PRAIA             11703490                                                            000050
2SR. CAIXA, APOS O VENCIMENTO COBRAR 2% DE MULTA                                 NAO RECEBER APOS 30 DIAS DO VENCIMENTO.                                                                                                                                                                                                         01052100000000000000105210000000000000       0090339900009954095028052115000051
100000000000000000000009033990000995400000000000000000000000010002020007594205211400000000002            2  01075942052123052100000002280930000000001N010521000000000000000000000000000000000000000000000000000000000000000100007594247809JOSE LUIS DE OLIVEIRA                   DONA EGLANTINA PENTEADO DA SILVA PRADO -            13044162                                                            000053
2SR. CAIXA, APOS O VENCIMENTO COBRAR 2% DE MULTA                                 NAO RECEBER APOS 30 DIAS DO VENCIMENTO.                                                                                                                                                                                                         01052100000000000000105210000000000000       0090339900009954075942052114000054
100000000000000000000009033990000995400000000000000000000000010002020005288705211800000000002            2  01052887052123052100000002349600000000001N010521000000000000000000000000000000000000000000000000000000000000000100005288796858MARCELO RODRIGUES FERREIRA              RUA MARCOS ANTONIO MARQUES - 302 - JARDI            06433020                                                            000056
2SR. CAIXA, APOS O VENCIMENTO COBRAR 2% DE MULTA                                 NAO RECEBER APOS 30 DIAS DO VENCIMENTO.                                                                                                                                                                                                         01052100000000000000105210000000000000       0090339900009954052887052118000057
100000000000000000000009033990000995400000000000000000000000010002020015835905211700000000002            2  01158359052123052100000002446770000000001N010521000000000000000000000000000000000000000000000000000000000000000100015835992823FLAVIO VERONEZ                          RUA ANDREA PAULINETTI - 127 AP.42 - BAIR            04707050                                                            000059
2SR. CAIXA, APOS O VENCIMENTO COBRAR 2% DE MULTA                                 NAO RECEBER APOS 30 DIAS DO VENCIMENTO.                                                                                                                                                                                                         01052100000000000000105210000000000000       0090339900009954158359052117000060
100000000000000000000009033990000995400000000000000000000000010002020000438105211500000000002            2  01004381052123052100000002761740000000001N010521000000000000000000000000000000000000000000000000000000000000000100000438161858WAGNECY VILLA NOVA LIEN                 MACHADO - 106 - VILA AUGUSTA - GUARULHOS            07025210                                                            000062
2SR. CAIXA, APOS O VENCIMENTO COBRAR 2% DE MULTA                                 NAO RECEBER APOS 30 DIAS DO VENCIMENTO.                                                                                                                                                                                                         01052100000000000000105210000000000000       0090339900009954004381052115000063
100000000000000000000009033990000995400000000000000000000000010002020026004505211100000000002            2  01260045052123052100000002446810000000001N010521000000000000000000000000000000000000000000000000000000000000000100026004595888EDIVALDO BEZERRA DA SILVA               AVENIDA GUATEMALA - 550 - JARDIM PINHEIR            09854750                                                            000065
2SR. CAIXA, APOS O VENCIMENTO COBRAR 2% DE MULTA                                 NAO RECEBER APOS 30 DIAS DO VENCIMENTO.                                                                                                                                                                                                         01052100000000000000105210000000000000       0090339900009954260045052111000066
100000000000000000000009033990000995400000000000000000000000010002020012470705211600000000002            2  01124707052123052100000002610560000000001N010521000000000000000000000000000000000000000000000000000000000000000100012470771870HILTON FERNANDES OLIVARES               RUA PATIO DA ESTACAO - 115 - BAIRRO CENT            09450000                                                            000068
2SR. CAIXA, APOS O VENCIMENTO COBRAR 2% DE MULTA                                 NAO RECEBER APOS 30 DIAS DO VENCIMENTO.                                                                                                                                                                                                         01052100000000000000105210000000000000       0090339900009954124707052116000069
9                                                                                                                                                                                                                                                                                                                                                                                                         000070