01REMESSA01COBRANCA       00000000000008017025HB SANTOS CONSTRUTORA E INCORP237BRADESCO       121119        MX0000091                                                                                                                                                                                                                                                                                     000001
100000000000000000000009033990000627000000000000000000000000010002020025035111191600000000002            2  01250351111924111900000002138670000000001N111119000000000000000000000000000000000000000000000000000000000000000100025035170802WANDERSON LUIS DE CARVALHO              RUA JOAQUIM GONCALVES ROCHA - 302 - JARD            02859030                                                            000002
2SR. CAIXA, APOS O VENCIMENTO COBRAR 2% DE MULTA                                 NAO RECEBER APOS 30 DIAS DO VENCIMENTO.                                                                                                                                                                                                         12111900000000000001211190000000000000       0090339900006270250351111916000003
100000000000000000000009033990000627000000000000000000000000010002020007294311191300000000002            2  01072943111924111900000002876550000000001N111119000000000000000000000000000000000000000000000000000000000000000100007294351805CLAUDENIR APARECIDO VACARI              RUA CARLOS JOSE BORSTENS - 50 AP.93 - AV            11702750                                                            000005
2SR. CAIXA, APOS O VENCIMENTO COBRAR 2% DE MULTA                                 NAO RECEBER APOS 30 DIAS DO VENCIMENTO.                                                                                                                                                                                                         12111900000000000001211190000000000000       0090339900006270072943111913000006
100000000000000000000009033990000627000000000000000000000000010002020042976111191300000000002            2  01429761111924111900000002906750000000001N111119000000000000000000000000000000000000000000000000000000000000000100042976111634ACACIO TOSCANO BONDANCA                 RUA COMENDADOR JACOMO ANTONIO LA SELVA -            12946797                                                            000008
2SR. CAIXA, APOS O VENCIMENTO COBRAR 2% DE MULTA                                 NAO RECEBER APOS 30 DIAS DO VENCIMENTO.                                                                                                                                                                                                         12111900000000000001211190000000000000       0090339900006270429761111913000009
100000000000000000000009033990000627000000000000000000000000010002020035438011191700000000002            2  01354380111924111900000002454880000000001N111119000000000000000000000000000000000000000000000000000000000000000100035438022836ALESSANDRO FARACO DOS SANTOS            RUA PEDRO POMAR  - 145 - JARDIM ELISA MA            02875020                                                            000011
2SR. CAIXA, APOS O VENCIMENTO COBRAR 2% DE MULTA                                 NAO RECEBER APOS 30 DIAS DO VENCIMENTO.                                                                                                                                                                                                         12111900000000000001211190000000000000       0090339900006270354380111917000012
100000000000000000000009033990000627000000000000000000000000010002020007525011191900000000002            2  01075250111924111900000003217540000000001N111119000000000000000000000000000000000000000000000000000000000000000100007525032866FERNANDO RIBEIRO                        RUA CARLOS JOSE BORSTENS - 50 AP.32 - AV            11702750                                                            000014
2SR. CAIXA, APOS O VENCIMENTO COBRAR 2% DE MULTA                                 NAO RECEBER APOS 30 DIAS DO VENCIMENTO.                                                                                                                                                                                                         12111900000000000001211190000000000000       0090339900006270075250111919000015
100000000000000000000009033990000627000000000000000000000000010002020005071411191400000000002            2  01050714111924111900000002822390000000001N111119000000000000000000000000000000000000000000000000000000000000000100005071481855ERIBALDO SANTANA CARVALHO               RUA HONDURAS - 477 - PARQUE DAS AMERICAS            09351070                                                            000017
2SR. CAIXA, APOS O VENCIMENTO COBRAR 2% DE MULTA                                 NAO RECEBER APOS 30 DIAS DO VENCIMENTO.                                                                                                                                                                                                         12111900000000000001211190000000000000       0090339900006270050714111914000018
100000000000000000000009033990000627000000000000000000000000010002020002841711191800000000002            2  01028417111924111900000002640630000000001N111119000000000000000000000000000000000000000000000000000000000000000100002841756416LUCIANA PINHEIRO DE ASSIS NUNES         RUA RIO ACIMA - 81 - RIACHO GRANDE - SAO            09830100                                                            000020
2SR. CAIXA, APOS O VENCIMENTO COBRAR 2% DE MULTA                                 NAO RECEBER APOS 30 DIAS DO VENCIMENTO.                                                                                                                                                                                                         12111900000000000001211190000000000000       0090339900006270028417111918000021
100000000000000000000009033990000627000000000000000000000000010002020084302011191700000000002            2  01843020111924111900000002653280000000001N111119000000000000000000000000000000000000000000000000000000000000000100084302097868FAUSTO TADEU VILOR                      RUA ANTONIO TAVARES - 466 - BAIRRO CAMBU            01542010                                                            000023
2SR. CAIXA, APOS O VENCIMENTO COBRAR 2% DE MULTA                                 NAO RECEBER APOS 30 DIAS DO VENCIMENTO.                                                                                                                                                                                                         12111900000000000001211190000000000000       0090339900006270843020111917000024
100000000000000000000009033990000627000000000000000000000000010002020028804211191700000000002            2  01288042111924111900000002606870000000001N111119000000000000000000000000000000000000000000000000000000000000000100028804202882GILBERTO FABIANO CABRAL DE CAMARGO      RUA CARLOS JOSE BORSTENS - 50 AP.44 - AV            11702750                                                            000026
2SR. CAIXA, APOS O VENCIMENTO COBRAR 2% DE MULTA                                 NAO RECEBER APOS 30 DIAS DO VENCIMENTO.                                                                                                                                                                                                         12111900000000000001211190000000000000       0090339900006270288042111917000027
100000000000000000000009033990000627000000000000000000000000010002020000991711191P00000000002            2  01009917111924111900000002544400000000001N111119000000000000000000000000000000000000000000000000000000000000000100000991748808JAILSON BORGES DE ANDRADE               RUA IPIOBUNA - 45 - JARDIM CUMBICA - GUA            07240040                                                            000029
2SR. CAIXA, APOS O VENCIMENTO COBRAR 2% DE MULTA                                 NAO RECEBER APOS 30 DIAS DO VENCIMENTO.                                                                                                                                                                                                         12111900000000000001211190000000000000       009033990000627000991711191P000030
100000000000000000000009033990000627000000000000000000000000010002020092180211191700000000002            2  01921802111924111900000003468980000000001N111119000000000000000000000000000000000000000000000000000000000000000100092180299834LUIS ROBERTO DE SA DUARTE               RUA TEBAS - 296 AP.84 BLOCO 2 CE - JARDI            04634031                                                            000032
2SR. CAIXA, APOS O VENCIMENTO COBRAR 2% DE MULTA                                 NAO RECEBER APOS 30 DIAS DO VENCIMENTO.                                                                                                                                                                                                         12111900000000000001211190000000000000       0090339900006270921802111917000033
100000000000000000000009033990000627000000000000000000000000010002020092180211192500000000002            2  01921802111929111900000003468930000000001N111119000000000000000000000000000000000000000000000000000000000000000100092180299834LUIS ROBERTO DE SA DUARTE               RUA TEBAS - 296 AP.84 BLOCO 2 CE - JARDI            04634031                                                            000035
2SR. CAIXA, APOS O VENCIMENTO COBRAR 2% DE MULTA                                 NAO RECEBER APOS 30 DIAS DO VENCIMENTO.                                                                                                                                                                                                         12111900000000000001211190000000000000       0090339900006270921802111925000036
100000000000000000000009033990000627000000000000000000000000010002020092180211193300000000002            2  01921802111929111900000003468940000000001N111119000000000000000000000000000000000000000000000000000000000000000100092180299834LUIS ROBERTO DE SA DUARTE               RUA TEBAS - 296 AP.84 BLOCO 2 CE - JARDI            04634031                                                            000038
2SR. CAIXA, APOS O VENCIMENTO COBRAR 2% DE MULTA                                 NAO RECEBER APOS 30 DIAS DO VENCIMENTO.                                                                                                                                                                                                         12111900000000000001211190000000000000       0090339900006270921802111933000039
100000000000000000000009033990000627000000000000000000000000010002020092180211194100000000002            2  01921802111929111900000003468950000000001N111119000000000000000000000000000000000000000000000000000000000000000100092180299834LUIS ROBERTO DE SA DUARTE               RUA TEBAS - 296 AP.84 BLOCO 2 CE - JARDI            04634031                                                            000041
2SR. CAIXA, APOS O VENCIMENTO COBRAR 2% DE MULTA                                 NAO RECEBER APOS 30 DIAS DO VENCIMENTO.                                                                                                                                                                                                         12111900000000000001211190000000000000       0090339900006270921802111941000042
100000000000000000000009033990000627000000000000000000000000010002020092180211195P00000000002            2  01921802111929111900000003468960000000001N111119000000000000000000000000000000000000000000000000000000000000000100092180299834LUIS ROBERTO DE SA DUARTE               RUA TEBAS - 296 AP.84 BLOCO 2 CE - JARDI            04634031                                                            000044
2SR. CAIXA, APOS O VENCIMENTO COBRAR 2% DE MULTA                                 NAO RECEBER APOS 30 DIAS DO VENCIMENTO.                                                                                                                                                                                                         12111900000000000001211190000000000000       009033990000627092180211195P000045
100000000000000000000009033990000627000000000000000000000000010002020092180211196800000000002            2  01921802111929111900000003468970000000001N111119000000000000000000000000000000000000000000000000000000000000000100092180299834LUIS ROBERTO DE SA DUARTE               RUA TEBAS - 296 AP.84 BLOCO 2 CE - JARDI            04634031                                                            000047
2SR. CAIXA, APOS O VENCIMENTO COBRAR 2% DE MULTA                                 NAO RECEBER APOS 30 DIAS DO VENCIMENTO.                                                                                                                                                                                                         12111900000000000001211190000000000000       0090339900006270921802111968000048
100000000000000000000009033990000627000000000000000000000000010002020022151611191600000000002            2  01221516111924111900000002529650000000001N111119000000000000000000000000000000000000000000000000000000000000000100022151666816SAMIR LIMA DE ARAUJO                    AVENIDA GUARAPIRANGA - 2616 AP.42 BLOCO1            04902005                                                            000050
2SR. CAIXA, APOS O VENCIMENTO COBRAR 2% DE MULTA                                 NAO RECEBER APOS 30 DIAS DO VENCIMENTO.                                                                                                                                                                                                         12111900000000000001211190000000000000       0090339900006270221516111916000051
100000000000000000000009033990000627000000000000000000000000010002020022313111191800000000002            2  01223131111926111900000001945900000000001N111119000000000000000000000000000000000000000000000000000000000000000100022313116824ROSA MARIA BRITO DA SILVA               RUA SERVIDAO DE SAO MARCOS - 113 - JARDI            04930300                                                            000053
2SR. CAIXA, APOS O VENCIMENTO COBRAR 2% DE MULTA                                 NAO RECEBER APOS 30 DIAS DO VENCIMENTO.                                                                                                                                                                                                         12111900000000000001211190000000000000       0090339900006270223131111918000054
100000000000000000000009033990000627000000000000000000000000010002020027538011191P00000000002            2  01275380111926111900000001952680000000001N111119000000000000000000000000000000000000000000000000000000000000000100027538087249MARA LUCIA MENEZES DA COSTA             RUA LEILA  - 183 - ITAQUERA - SAO PAULO             08240020                                                            000056
2SR. CAIXA, APOS O VENCIMENTO COBRAR 2% DE MULTA                                 NAO RECEBER APOS 30 DIAS DO VENCIMENTO.                                                                                                                                                                                                         12111900000000000001211190000000000000       009033990000627027538011191P000057
100000000000000000000009033990000627000000000000000000000000010002020031278411191600000000002            2  01312784111924111900000002443700000000001N111119000000000000000000000000000000000000000000000000000000000000000100031278411836JEFFERSON DE PIERI PIRES ZAMUNER        RUA MANOEL ARCE - 277 - PARQUE BANCARIO             03922150                                                            000059
2SR. CAIXA, APOS O VENCIMENTO COBRAR 2% DE MULTA                                 NAO RECEBER APOS 30 DIAS DO VENCIMENTO.                                                                                                                                                                                                         12111900000000000001211190000000000000       0090339900006270312784111916000060
100000000000000000000009033990000627000000000000000000000000010002020019185711191800000000002            2  01191857111926111900000001776970000000001N111119000000000000000000000000000000000000000000000000000000000000000100019185769800AGUINALDO PESSOA DE LIMA                RUA JANUARIO ZINGARO - 252 AP.303 BL.04             05794300                                                            000062
2SR. CAIXA, APOS O VENCIMENTO COBRAR 2% DE MULTA                                 NAO RECEBER APOS 30 DIAS DO VENCIMENTO.                                                                                                                                                                                                         12111900000000000001211190000000000000       0090339900006270191857111918000063
100000000000000000000009033990000627000000000000000000000000010002020033303611191900000000002            2  01333036111926111900000001913970000000001N111119000000000000000000000000000000000000000000000000000000000000000100033303645809JESSICA DA SILVA FREITAS                RUA ARILDO VALADAO - 120 - JARDIM GUAEMB            04814600                                                            000065
2SR. CAIXA, APOS O VENCIMENTO COBRAR 2% DE MULTA                                 NAO RECEBER APOS 30 DIAS DO VENCIMENTO.                                                                                                                                                                                                         12111900000000000001211190000000000000       0090339900006270333036111919000066
100000000000000000000009033990000627000000000000000000000000010002020004824411191800000000002            2  01048244111926111900000001929100000000001N111119000000000000000000000000000000000000000000000000000000000000000100004824443806ROSIMEIRE CLARA FERREIRA REZENDE        RUA JOSE CALIXTO DO CARMO - 286 AP.43 -             11702690                                                            000068
2SR. CAIXA, APOS O VENCIMENTO COBRAR 2% DE MULTA                                 NAO RECEBER APOS 30 DIAS DO VENCIMENTO.                                                                                                                                                                                                         12111900000000000001211190000000000000       0090339900006270048244111918000069
100000000000000000000009033990000627000000000000000000000000010002020006422611191400000000002            2  01064226111924111900000002646580000000001N111119000000000000000000000000000000000000000000000000000000000000000100006422607881GERALDO ALVES DA SILVA                  RUA CARLOS JOSE BORSTENS - 50 AP.14 - AV            11702750                                                            000071
2SR. CAIXA, APOS O VENCIMENTO COBRAR 2% DE MULTA                                 NAO RECEBER APOS 30 DIAS DO VENCIMENTO.                                                                                                                                                                                                         12111900000000000001211190000000000000       0090339900006270064226111914000072
100000000000000000000009033990000627000000000000000000000000010002020033877111191600000000002            2  01338771111926111900000001794400000000001N111119000000000000000000000000000000000000000000000000000000000000000100033877129870HELDER FERREIRA VIANA                   RUA JOSE CALIXTO DO CARMO - 286 AP.35 -             11702690                                                            000074
2SR. CAIXA, APOS O VENCIMENTO COBRAR 2% DE MULTA                                 NAO RECEBER APOS 30 DIAS DO VENCIMENTO.                                                                                                                                                                                                         12111900000000000001211190000000000000       0090339900006270338771111916000075
100000000000000000000009033990000627000000000000000000000000010002020028290711191P00000000002            2  01282907111926111900000001653760000000001N111119000000000000000000000000000000000000000000000000000000000000000100028290719809VANESSA GIANGARRELLI PEREIRA            RUA BARINEL - 72 - JARDIM COTCHING - SAO            03462130                                                            000077
2SR. CAIXA, APOS O VENCIMENTO COBRAR 2% DE MULTA                                 NAO RECEBER APOS 30 DIAS DO VENCIMENTO.                                                                                                                                                                                                         12111900000000000001211190000000000000       009033990000627028290711191P000078
100000000000000000000009033990000627000000000000000000000000010002020087573011191500000000002            2  01875730111926111900000001805890000000001N111119000000000000000000000000000000000000000000000000000000000000000100087573059604VANDERLEY DE ASSIS                      RUA ROMEU ALBANI - 268 - JARDIM PARQUE R            13803810                                                            000080
2SR. CAIXA, APOS O VENCIMENTO COBRAR 2% DE MULTA                                 NAO RECEBER APOS 30 DIAS DO VENCIMENTO.                                                                                                                                                                                                         12111900000000000001211190000000000000       0090339900006270875730111915000081
100000000000000000000009033990000627000000000000000000000000010002020010825511191200000000002            2  01108255111926111900000001884560000000001N111119000000000000000000000000000000000000000000000000000000000000000100010825513847JOSE APARECIDO PEREIRA                  RUA GENERAL OSORIO - 305 - JARDIM TRINTA            11515130                                                            000083
2SR. CAIXA, APOS O VENCIMENTO COBRAR 2% DE MULTA                                 NAO RECEBER APOS 30 DIAS DO VENCIMENTO.                                                                                                                                                                                                         12111900000000000001211190000000000000       0090339900006270108255111912000084
100000000000000000000009033990000627000000000000000000000000010002020038818511191200000000002            2  01388185111926111900000001916770000000001N111119000000000000000000000000000000000000000000000000000000000000000100038818572814MAURICIUS ALEXANDRE ESTEVAM NABOR       RUA JOSE CALIXTO DO CARMO - 286 AP.25 -             11702690                                                            000086
2SR. CAIXA, APOS O VENCIMENTO COBRAR 2% DE MULTA                                 NAO RECEBER APOS 30 DIAS DO VENCIMENTO.                                                                                                                                                                                                         12111900000000000001211190000000000000       0090339900006270388185111912000087
100000000000000000000009033990000627000000000000000000000000010002020039115111191400000000002            2  01391151111926111900000002323030000000001N111119000000000000000000000000000000000000000000000000000000000000000100039115139840LAIS CRISTINA RIBEIRO ANDO              RUA PERU - 769 AP.17 - VILA GUILHERMINA             11702250                                                            000089
2SR. CAIXA, APOS O VENCIMENTO COBRAR 2% DE MULTA                                 NAO RECEBER APOS 30 DIAS DO VENCIMENTO.                                                                                                                                                                                                         12111900000000000001211190000000000000       0090339900006270391151111914000090
100000000000000000000009033990000627000000000000000000000000010002020029617511191200000000002            2  01296175111924111900000002597720000000001N111119000000000000000000000000000000000000000000000000000000000000000100029617510553MARILENE SOUZA DE OLIVEIRA              AVENIDA BRASIL - 393 AP.09 - PARQUE DAS             09210280                                                            000092
2SR. CAIXA, APOS O VENCIMENTO COBRAR 2% DE MULTA                                 NAO RECEBER APOS 30 DIAS DO VENCIMENTO.                                                                                                                                                                                                         12111900000000000001211190000000000000       0090339900006270296175111912000093
100000000000000000000009033990000627000000000000000000000000010002020000593211191200000000002            2  01005932111924111900000002849050000000001N111119000000000000000000000000000000000000000000000000000000000000000100000593293860WALTER HELIO BARBOSA FILHO              AVENIDA ANTONIO FREDERICO OZANAN - 9500             13214206                                                            000095
2SR. CAIXA, APOS O VENCIMENTO COBRAR 2% DE MULTA                                 NAO RECEBER APOS 30 DIAS DO VENCIMENTO.                                                                                                                                                                                                         12111900000000000001211190000000000000       0090339900006270005932111912000096
100000000000000000000009033990000627000000000000000000000000010002020007730011191800000000002            2  01077300111924111900000004051630000000001N111119000000000000000000000000000000000000000000000000000000000000000100007730084899ARNALDO LUIZ VONO                       RUA CARLOS JOSE BORSTENS - 50 AP.122 - A            11702750                                                            000098
2SR. CAIXA, APOS O VENCIMENTO COBRAR 2% DE MULTA                                 NAO RECEBER APOS 30 DIAS DO VENCIMENTO.                                                                                                                                                                                                         12111900000000000001211190000000000000       0090339900006270077300111918000099
100000000000000000000009033990000627000000000000000000000000010002020065584111191400000000002            2  01655841111924111900000001495590000000001N111119000000000000000000000000000000000000000000000000000000000000000100065584147834JOAQUIM DA COSTA MACHADO NETO           RUA CARLOS JOSE BORSTENS - 50 AP.42 - AV            11702750                                                            000101
2SR. CAIXA, APOS O VENCIMENTO COBRAR 2% DE MULTA                                 NAO RECEBER APOS 30 DIAS DO VENCIMENTO.                                                                                                                                                                                                         12111900000000000001211190000000000000       0090339900006270655841111914000102
100000000000000000000009033990000627000000000000000000000000010002020001616911191600000000002            2  01016169111924111900000002630280000000001N111119000000000000000000000000000000000000000000000000000000000000000100001616913827CLAUDIO LUIZ PAULELLA                   PRACA NESTOR DOS SANTOS ARRUDA - 26 - VI            13920000                                                            000104
2SR. CAIXA, APOS O VENCIMENTO COBRAR 2% DE MULTA                                 NAO RECEBER APOS 30 DIAS DO VENCIMENTO.                                                                                                                                                                                                         12111900000000000001211190000000000000       0090339900006270016169111916000105
100000000000000000000009033990000627000000000000000000000000010002020006684611191700000000002            2  01066846111926111900000001913710000000001N111119000000000000000000000000000000000000000000000000000000000000000100006684623884LAUDINOR VIEIRA GARCIA                  RUA CANDIDO SALES - 374 - JARDIM PRESIDE            07172000                                                            000107
2SR. CAIXA, APOS O VENCIMENTO COBRAR 2% DE MULTA                                 NAO RECEBER APOS 30 DIAS DO VENCIMENTO.                                                                                                                                                                                                         12111900000000000001211190000000000000       0090339900006270066846111917000108
100000000000000000000009033990000627000000000000000000000000010002020011663511191800000000002            2  01116635111926111900000001927510000000001N111119000000000000000000000000000000000000000000000000000000000000000100011663589844MARIA SAVIO QUARELLO                    AVENIDA MENDONCA DRUMOND - 321 - JARDIM             03524030                                                            000110
2SR. CAIXA, APOS O VENCIMENTO COBRAR 2% DE MULTA                                 NAO RECEBER APOS 30 DIAS DO VENCIMENTO.                                                                                                                                                                                                         12111900000000000001211190000000000000       0090339900006270116635111918000111
100000000000000000000009033990000627000000000000000000000000010002020010083811191P00000000002            2  01100838111926111900000001862270000000001N111119000000000000000000000000000000000000000000000000000000000000000100010083824855IONE FERREIRA COUTO DA SILVA            RUA JOSE RAGEL DE MESQUITA - 60 CS.01 -             07799999                                                            000113
2SR. CAIXA, APOS O VENCIMENTO COBRAR 2% DE MULTA                                 NAO RECEBER APOS 30 DIAS DO VENCIMENTO.                                                                                                                                                                                                         12111900000000000001211190000000000000       009033990000627010083811191P000114
100000000000000000000009033990000627000000000000000000000000010002020036881711191200000000002            2  01368817111926111900000001827500000000001N111119000000000000000000000000000000000000000000000000000000000000000100036881778864ANDRE GONZALEZ RABELLO                  RUA PARAIBA - 106 AP.61 - POMPEIA - SANT            11065470                                                            000116
2SR. CAIXA, APOS O VENCIMENTO COBRAR 2% DE MULTA                                 NAO RECEBER APOS 30 DIAS DO VENCIMENTO.                                                                                                                                                                                                         12111900000000000001211190000000000000       0090339900006270368817111912000117
100000000000000000000009033990000627000000000000000000000000010002020018207011191100000000002            2  01182070111924111900000002519050000000001N111119000000000000000000000000000000000000000000000000000000000000000100018207096802ROBERTO VALENTE TAVARES                 RUA SEBASTIAO GOMES - 218 - JARDIM SANTO            13835000                                                            000119
2SR. CAIXA, APOS O VENCIMENTO COBRAR 2% DE MULTA                                 NAO RECEBER APOS 30 DIAS DO VENCIMENTO.                                                                                                                                                                                                         12111900000000000001211190000000000000       0090339900006270182070111911000120
100000000000000000000009033990000627000000000000000000000000010002020005351011191400000000002            2  01053510111926111900000001713480000000001N111119000000000000000000000000000000000000000000000000000000000000000100005351015897VALERIA ALVES MARCOLINO HINNIGER        RUA MONGOLIA - 230 AP.71 BL.4 - PARQUE N            09280220                                                            000122
2SR. CAIXA, APOS O VENCIMENTO COBRAR 2% DE MULTA                                 NAO RECEBER APOS 30 DIAS DO VENCIMENTO.                                                                                                                                                                                                         12111900000000000001211190000000000000       0090339900006270053510111914000123
100000000000000000000009033990000627000000000000000000000000010002020031898711191P00000000002            2  01318987111924111900000002726090000000001N111119000000000000000000000000000000000000000000000000000000000000000100031898775800ANITA MARTINS COLOMBO                   RUA CARLOS JOSE BORSTENS - 50 AP.115 - A            11702750                                                            000125
2SR. CAIXA, APOS O VENCIMENTO COBRAR 2% DE MULTA                                 NAO RECEBER APOS 30 DIAS DO VENCIMENTO.                                                                                                                                                                                                         12111900000000000001211190000000000000       009033990000627031898711191P000126
100000000000000000000009033990000627000000000000000000000000010002020037983411191P00000000002            2  01379834111926111900000002012760000000001N111119000000000000000000000000000000000000000000000000000000000000000100037983484801JOSE ERIVALDO SOUZA DO NASCIMENTO RAMOS RUA LETICIA - 250 - JARDIM GUARUJA - SAO            05877260                                                            000128
2SR. CAIXA, APOS O VENCIMENTO COBRAR 2% DE MULTA                                 NAO RECEBER APOS 30 DIAS DO VENCIMENTO.                                                                                                                                                                                                         12111900000000000001211190000000000000       009033990000627037983411191P000129
100000000000000000000009033990000627000000000000000000000000010002020056289211191000000000002            2  01562892111926111900000001520540000000001N111119000000000000000000000000000000000000000000000000000000000000000100056289286900PEDRO RIBEIRO                           RUA CONEGO MANOEL VAZ - 48 - SANTANA - S            02019050                                                            000131
2SR. CAIXA, APOS O VENCIMENTO COBRAR 2% DE MULTA                                 NAO RECEBER APOS 30 DIAS DO VENCIMENTO.                                                                                                                                                                                                         12111900000000000001211190000000000000       0090339900006270562892111910000132
100000000000000000000009033990000627000000000000000000000000010002020005025511191400000000002            2  01050255111926111900000002163900000000001N111119000000000000000000000000000000000000000000000000000000000000000100005025595860CONCEICAO APARECIDA DE MESQUITA PEREIRA RUA TRIUNFO - 835 AP.105 - JARDIM SAO LU            14020670                                                            000134
2SR. CAIXA, APOS O VENCIMENTO COBRAR 2% DE MULTA                                 NAO RECEBER APOS 30 DIAS DO VENCIMENTO.                                                                                                                                                                                                         12111900000000000001211190000000000000       0090339900006270050255111914000135
100000000000000000000009033990000627000000000000000000000000010002020005025511192200000000002            2  01050255111926111900000002163870000000001N111119000000000000000000000000000000000000000000000000000000000000000100005025595860CONCEICAO APARECIDA DE MESQUITA PEREIRA RUA TRIUNFO - 835 AP.105 - JARDIM SAO LU            14020670                                                            000137
2SR. CAIXA, APOS O VENCIMENTO COBRAR 2% DE MULTA                                 NAO RECEBER APOS 30 DIAS DO VENCIMENTO.                                                                                                                                                                                                         12111900000000000001211190000000000000       0090339900006270050255111922000138
100000000000000000000009033990000627000000000000000000000000010002020005025511193000000000002            2  01050255111926111900000002163880000000001N111119000000000000000000000000000000000000000000000000000000000000000100005025595860CONCEICAO APARECIDA DE MESQUITA PEREIRA RUA TRIUNFO - 835 AP.105 - JARDIM SAO LU            14020670                                                            000140
2SR. CAIXA, APOS O VENCIMENTO COBRAR 2% DE MULTA                                 NAO RECEBER APOS 30 DIAS DO VENCIMENTO.                                                                                                                                                                                                         12111900000000000001211190000000000000       0090339900006270050255111930000141
100000000000000000000009033990000627000000000000000000000000010002020005025511194900000000002            2  01050255111926111900000002163890000000001N111119000000000000000000000000000000000000000000000000000000000000000100005025595860CONCEICAO APARECIDA DE MESQUITA PEREIRA RUA TRIUNFO - 835 AP.105 - JARDIM SAO LU            14020670                                                            000143
2SR. CAIXA, APOS O VENCIMENTO COBRAR 2% DE MULTA                                 NAO RECEBER APOS 30 DIAS DO VENCIMENTO.                                                                                                                                                                                                         12111900000000000001211190000000000000       0090339900006270050255111949000144
100000000000000000000009033990000627000000000000000000000000010002020034735311191700000000002            2  01347353111926111900000002086840000000001N111119000000000000000000000000000000000000000000000000000000000000000100034735328866DIEGO FELIPE MOLINA DA SILVA E SOUSA    RUA EMILIA PAULISTA - 135 - VILA TIRADEN            05364020                                                            000146
2SR. CAIXA, APOS O VENCIMENTO COBRAR 2% DE MULTA                                 NAO RECEBER APOS 30 DIAS DO VENCIMENTO.                                                                                                                                                                                                         12111900000000000001211190000000000000       0090339900006270347353111917000147
100000000000000000000009033990000627000000000000000000000000010002020076175611191800000000002            2  01761756111924111900000003783220000000001N111119000000000000000000000000000000000000000000000000000000000000000100076175685687GILMAR DE OLIVEIRA BRAGA                RUA MARACAJU - 161 AP.202 - NOVA GRANADA            30431350                                                            000149
2SR. CAIXA, APOS O VENCIMENTO COBRAR 2% DE MULTA                                 NAO RECEBER APOS 30 DIAS DO VENCIMENTO.                                                                                                                                                                                                         12111900000000000001211190000000000000       0090339900006270761756111918000150
100000000000000000000009033990000627000000000000000000000000010002020034812211191000000000002            2  01348122111924111900000003608100000000001N111119000000000000000000000000000000000000000000000000000000000000000100034812226880THAIS TORQUATO MIMOSO DE JESUS          RUA ARNALDO CINTRA - 416 AP.104 TORRE 2             03088000                                                            000152
2SR. CAIXA, APOS O VENCIMENTO COBRAR 2% DE MULTA                                 NAO RECEBER APOS 30 DIAS DO VENCIMENTO.                                                                                                                                                                                                         12111900000000000001211190000000000000       0090339900006270348122111910000153
100000000000000000000009033990000627000000000000000000000000010002020012849411191700000000002            2  01128494111926111900000003595110000000001N111119000000000000000000000000000000000000000000000000000000000000000100012849428809MOISES CLAUDIO DO ROSARIO               AVENIDA DR. AUGUSTO DE TOLEDO - 510 AP.1            09541520                                                            000155
2SR. CAIXA, APOS O VENCIMENTO COBRAR 2% DE MULTA                                 NAO RECEBER APOS 30 DIAS DO VENCIMENTO.                                                                                                                                                                                                         12111900000000000001211190000000000000       0090339900006270128494111917000156
100000000000000000000009033990000627000000000000000000000000010002020015702311191700000000002            2  01157023111926111900000001994640000000001N111119000000000000000000000000000000000000000000000000000000000000000100015702353846MARIA DE LOURDES DE MACENO SOUZA        RUA JOSE CALIXTO DO CARMO - 286 AP.83 -             11702690                                                            000158
2SR. CAIXA, APOS O VENCIMENTO COBRAR 2% DE MULTA                                 NAO RECEBER APOS 30 DIAS DO VENCIMENTO.                                                                                                                                                                                                         12111900000000000001211190000000000000       0090339900006270157023111917000159
100000000000000000000009033990000627000000000000000000000000010002020006749711191900000000002            2  01067497111923111900000001950880000000001N111119000000000000000000000000000000000000000000000000000000000000000100006749731600MARCELA DA ROCHA REIS                   RUA COLOMBIA - 665 AP.1204 - JARDIM GUIL            11702020                                                            000161
2SR. CAIXA, APOS O VENCIMENTO COBRAR 2% DE MULTA                                 NAO RECEBER APOS 30 DIAS DO VENCIMENTO.                                                                                                                                                                                                         12111900000000000001211190000000000000       0090339900006270067497111919000162
9                                                                                                                                                                                                                                                                                                                                                                                                         000163