01REMESSA01COBRANCA       00000000000005316116AIRES CONSTRUTORA E INCORPORAD237BRADESCO       010821        MX0000175                                                                                                                                                                                                                                                                                     000001
100000000000000000000009002800441612000000000000000000000000010002100003865708211200000000002            2  01038657082110082100000003628440000000001N010821000000000000000000000000000000000000000000000000000000000000000100003865776841FRANCISCO JOSE ROCCO                    AVENIDA PADRES OLIVETANOS - 215 AP.83 -             03648000                                                            000002
2SR. CAIXA, APOS O VENCIMENTO COBRAR 10% DE MULTA                                NAO RECEBER APOS 30 DIAS DO VENCIMENTO.                                                                                                                                                                                                         01082100000000000000108210000000000000       0090028004416120038657082112000003
100000000000000000000009002800441612000000000000000000000000010002100028309508211900000000002            2  01283095082110082100000003235730000000001N010821000000000000000000000000000000000000000000000000000000000000000100028309524803DEISE RIBEIRO BARBOSA                   RUA CANDIDO JOSE DE ANDRADE - 173 - ERME            03807030                                                            000005
2SR. CAIXA, APOS O VENCIMENTO COBRAR 10% DE MULTA                                NAO RECEBER APOS 30 DIAS DO VENCIMENTO.                                                                                                                                                                                                         01082100000000000000108210000000000000       0090028004416120283095082119000006
100000000000000000000009002800441612000000000000000000000000010002100011277908211900000000002            2  01112779082110082100000003840470000000001N010821000000000000000000000000000000000000000000000000000000000000000100011277908893JOSE AILTON LOPES DE AZEVEDO            RUA MAESTRO JOAO SEPE - 19 - JARDIM MARI            04181030                                                            000008
2SR. CAIXA, APOS O VENCIMENTO COBRAR 10% DE MULTA                                NAO RECEBER APOS 30 DIAS DO VENCIMENTO.                                                                                                                                                                                                         01082100000000000000108210000000000000       0090028004416120112779082119000009
100000000000000000000009002800441612000000000000000000000000010002100025215108211600000000002            2  01252151082110082100000002896170000000001N010821000000000000000000000000000000000000000000000000000000000000000100025215106886KLEBER LUIZ DOS SANTOS                  RUA MONTE CASTELO - 262 AP.15 - AVIACAO             11702720                                                            000011
2SR. CAIXA, APOS O VENCIMENTO COBRAR 10% DE MULTA                                NAO RECEBER APOS 30 DIAS DO VENCIMENTO.                                                                                                                                                                                                         01082100000000000000108210000000000000       0090028004416120252151082116000012
100000000000000000000009002800441612000000000000000000000000010002100090206708211300000000002            2  01902067082110082100000003234910000000001N010821000000000000000000000000000000000000000000000000000000000000000100090206789815NEREIDE RODRIGUES FERREIRA              AVENIDA PADRE ESTANISLAU DE CAMPOS - 205            03590060                                                            000014
2SR. CAIXA, APOS O VENCIMENTO COBRAR 10% DE MULTA                                NAO RECEBER APOS 30 DIAS DO VENCIMENTO.                                                                                                                                                                                                         01082100000000000000108210000000000000       0090028004416120902067082113000015
100000000000000000000009002800441612000000000000000000000000010002100029150708211100000000002            2  01291507082110082100000003786510000000001N010821000000000000000000000000000000000000000000000000000000000000000100029150742833ANA DEISE SANTOS DE ALMEIDA             RUA MONTE CASTELO - 296 AP.121 - AVIACAO            11702720                                                            000017
2SR. CAIXA, APOS O VENCIMENTO COBRAR 10% DE MULTA                                NAO RECEBER APOS 30 DIAS DO VENCIMENTO.                                                                                                                                                                                                         01082100000000000000108210000000000000       0090028004416120291507082111000018
100000000000000000000009002800441612000000000000000000000000010002100000811708211700000000002            2  01008117082110082100000003118890000000001N010821000000000000000000000000000000000000000000000000000000000000000100000811752801SERGIO BUENO DA SILVA                   RUA MONTE CASTELO - 262 AP.75 - AVIACAO             11702720                                                            000020
2SR. CAIXA, APOS O VENCIMENTO COBRAR 10% DE MULTA                                NAO RECEBER APOS 30 DIAS DO VENCIMENTO.                                                                                                                                                                                                         01082100000000000000108210000000000000       0090028004416120008117082117000021
100000000000000000000009002800441612000000000000000000000000010002100018344808211300000000002            2  01183448082110082100000004240920000000001N010821000000000000000000000000000000000000000000000000000000000000000100018344803888MARCELO BERNARDO                        RUA MONTE CASTELO - 262 AP.84 - AVIACAO             11702720                                                            000023
2SR. CAIXA, APOS O VENCIMENTO COBRAR 10% DE MULTA                                NAO RECEBER APOS 30 DIAS DO VENCIMENTO.                                                                                                                                                                                                         01082100000000000000108210000000000000       0090028004416120183448082113000024
100000000000000000000009002800441612000000000000000000000000010002100004004308211000000000002            2  01040043082110082100000005558500000000001N010821000000000000000000000000000000000000000000000000000000000000000100004004328896VANDERLEI  MARTINS DE ALMEIDA           RUA MONSENHOR TABOSA - 03 - PARQUE CISPE            03819300                                                            000026
2SR. CAIXA, APOS O VENCIMENTO COBRAR 10% DE MULTA                                NAO RECEBER APOS 30 DIAS DO VENCIMENTO.                                                                                                                                                                                                         01082100000000000000108210000000000000       0090028004416120040043082110000027
100000000000000000000009002800441612000000000000000000000000010002100031803808211900000000002            2  01318038082110082100000003424750000000001N010821000000000000000000000000000000000000000000000000000000000000000100031803864877ELEILSON FELIPPE SANTOS                 RUA SANTA GREGORIA - 193 - CIDADE DUTRA             04806030                                                            000029
2SR. CAIXA, APOS O VENCIMENTO COBRAR 10% DE MULTA                                NAO RECEBER APOS 30 DIAS DO VENCIMENTO.                                                                                                                                                                                                         01082100000000000000108210000000000000       0090028004416120318038082119000030
100000000000000000000009002800441612000000000000000000000000010002100063064508211300000000002            2  01630645082110082100000004081190000000001N010821000000000000000000000000000000000000000000000000000000000000000100063064537849ANTONIO APARECIDO DA SILVA DESTEFANO    RUA PROFESSOR TEODORO BRAGA - 46 - VILA             02966020                                                            000032
2SR. CAIXA, APOS O VENCIMENTO COBRAR 10% DE MULTA                                NAO RECEBER APOS 30 DIAS DO VENCIMENTO.                                                                                                                                                                                                         01082100000000000000108210000000000000       0090028004416120630645082113000033
100000000000000000000009002800441612000000000000000000000000010002100005920508211200000000002            2  01059205082110082100000002376100000000001N010821000000000000000000000000000000000000000000000000000000000000000100005920579846SONIA MARIA VALDO POLLO                 RUA PALMIRA CERVI BARBARO - 797 - CIDADE            13214370                                                            000035
2SR. CAIXA, APOS O VENCIMENTO COBRAR 10% DE MULTA                                NAO RECEBER APOS 30 DIAS DO VENCIMENTO.                                                                                                                                                                                                         01082100000000000000108210000000000000       0090028004416120059205082112000036
100000000000000000000009002800441612000000000000000000000000010002100002494108211300000000002            2  01024941082110082100000003572580000000001N010821000000000000000000000000000000000000000000000000000000000000000100002494107881CIRO FRANCISCO MARCHI DURIGON           RUA MONTE CASTELO - 262 AP.115 - AVIACAO            11702720                                                            000038
2SR. CAIXA, APOS O VENCIMENTO COBRAR 10% DE MULTA                                NAO RECEBER APOS 30 DIAS DO VENCIMENTO.                                                                                                                                                                                                         01082100000000000000108210000000000000       0090028004416120024941082113000039
100000000000000000000009002800441612000000000000000000000000010002100007002308211000000000002            2  01070023082110082100000003512010000000001N010821000000000000000000000000000000000000000000000000000000000000000100007002345869DOMINGOS DE BRITO GALVAO                RUA MONTE CASTELO - 262 AP.44 - AVIACAO             11702720                                                            000041
2SR. CAIXA, APOS O VENCIMENTO COBRAR 10% DE MULTA                                NAO RECEBER APOS 30 DIAS DO VENCIMENTO.                                                                                                                                                                                                         01082100000000000000108210000000000000       0090028004416120070023082110000042
100000000000000000000009002800441612000000000000000000000000010002100016299008211400000000002            2  01162990082110082100000003385580000000001N010821000000000000000000000000000000000000000000000000000000000000000100016299008857FERNANDO CESAR CARVALHO                 AVENIDA MARCONDES DE BRITO - 1340 AP.74             03509000                                                            000044
2SR. CAIXA, APOS O VENCIMENTO COBRAR 10% DE MULTA                                NAO RECEBER APOS 30 DIAS DO VENCIMENTO.                                                                                                                                                                                                         01082100000000000000108210000000000000       0090028004416120162990082114000045
100000000000000000000009002800441612000000000000000000000000010002100065895308211800000000002            2  01658953082110082100000002071290000000001N010821000000000000000000000000000000000000000000000000000000000000000100065895304834MARINHO BARBOSA CUNHA                   AVENIDA EDU CHAVES - 639 AP.43 - PARQUE             02229000                                                            000047
2SR. CAIXA, APOS O VENCIMENTO COBRAR 10% DE MULTA                                NAO RECEBER APOS 30 DIAS DO VENCIMENTO.                                                                                                                                                                                                         01082100000000000000108210000000000000       0090028004416120658953082118000048
100000000000000000000009002800441612000000000000000000000000010002100055975308211500000000002            2  01559753082110082100000000773130000000001N010821000000000000000000000000000000000000000000000000000000000000000100055975372887BENEVENUTO THEODORO DA SILVA NETO       RUA MONTE CASTELO - 296 AP.63 - AVIACAO             11702720                                                            000050
2SR. CAIXA, APOS O VENCIMENTO COBRAR 10% DE MULTA                                NAO RECEBER APOS 30 DIAS DO VENCIMENTO.                                                                                                                                                                                                         01082100000000000000108210000000000000       0090028004416120559753082115000051
9                                                                                                                                                                                                                                                                                                                                                                                                         000052