01REMESSA01COBRANCA       00000000000008017025HB SANTOS CONSTRUTORA E INCORP237BRADESCO       100221        MX0000122                                                                                                                                                                                                                                                                                     000001
100000000000000000000009033990000627000000000000000000000000010002020025035102211500000000002            2  01250351022124022100000002392320000000001N090221000000000000000000000000000000000000000000000000000000000000000100025035170802WANDERSON LUIS DE CARVALHO              RUA JOAQUIM GONCALVES ROCHA - 302 - JARD            02859030                                                            000002
2SR. CAIXA, APOS O VENCIMENTO COBRAR 2% DE MULTA                                 NAO RECEBER APOS 30 DIAS DO VENCIMENTO.                                                                                                                                                                                                         10022100000000000001002210000000000000       0090339900006270250351022115000003
100000000000000000000009033990000627000000000000000000000000010002020007294302211200000000002            2  01072943022124022100000003217700000000001N090221000000000000000000000000000000000000000000000000000000000000000100007294351805CLAUDENIR APARECIDO VACARI              RUA CARLOS JOSE BORSTENS - 50 AP.93 - AV            11702750                                                            000005
2SR. CAIXA, APOS O VENCIMENTO COBRAR 2% DE MULTA                                 NAO RECEBER APOS 30 DIAS DO VENCIMENTO.                                                                                                                                                                                                         10022100000000000001002210000000000000       0090339900006270072943022112000006
100000000000000000000009033990000627000000000000000000000000010002020035438002211600000000002            2  01354380022124022100000002746040000000001N090221000000000000000000000000000000000000000000000000000000000000000100035438022836ALESSANDRO FARACO DOS SANTOS            RUA PEDRO POMAR  - 145 - JARDIM ELISA MA            02875020                                                            000008
2SR. CAIXA, APOS O VENCIMENTO COBRAR 2% DE MULTA                                 NAO RECEBER APOS 30 DIAS DO VENCIMENTO.                                                                                                                                                                                                         10022100000000000001002210000000000000       0090339900006270354380022116000009
100000000000000000000009033990000627000000000000000000000000010002020007525002211800000000002            2  01075250022124022100000003599140000000001N090221000000000000000000000000000000000000000000000000000000000000000100007525032866FERNANDO RIBEIRO                        RUA CARLOS JOSE BORSTENS - 50 AP.32 - AV            11702750                                                            000011
2SR. CAIXA, APOS O VENCIMENTO COBRAR 2% DE MULTA                                 NAO RECEBER APOS 30 DIAS DO VENCIMENTO.                                                                                                                                                                                                         10022100000000000001002210000000000000       0090339900006270075250022118000012
100000000000000000000009033990000627000000000000000000000000010002020005071402211300000000002            2  01050714022124022100000003157130000000001N090221000000000000000000000000000000000000000000000000000000000000000100005071481855ERIBALDO SANTANA CARVALHO               RUA HONDURAS - 477 - PARQUE DAS AMERICAS            09351070                                                            000014
2SR. CAIXA, APOS O VENCIMENTO COBRAR 2% DE MULTA                                 NAO RECEBER APOS 30 DIAS DO VENCIMENTO.                                                                                                                                                                                                         10022100000000000001002210000000000000       0090339900006270050714022113000015
100000000000000000000009033990000627000000000000000000000000010002020002841702211700000000002            2  01028417022124022100000002953790000000001N090221000000000000000000000000000000000000000000000000000000000000000100002841756416LUCIANA PINHEIRO DE ASSIS NUNES         RUA RIO ACIMA - 81 - RIACHO GRANDE - SAO            09830100                                                            000017
2SR. CAIXA, APOS O VENCIMENTO COBRAR 2% DE MULTA                                 NAO RECEBER APOS 30 DIAS DO VENCIMENTO.                                                                                                                                                                                                         10022100000000000001002210000000000000       0090339900006270028417022117000018
100000000000000000000009033990000627000000000000000000000000010002020084302002211600000000002            2  01843020022124022100000002967960000000001N090221000000000000000000000000000000000000000000000000000000000000000100084302097868FAUSTO TADEU VILOR                      RUA ANTONIO TAVARES - 466 - BAIRRO CAMBU            01542010                                                            000020
2SR. CAIXA, APOS O VENCIMENTO COBRAR 2% DE MULTA                                 NAO RECEBER APOS 30 DIAS DO VENCIMENTO.                                                                                                                                                                                                         10022100000000000001002210000000000000       0090339900006270843020022116000021
100000000000000000000009033990000627000000000000000000000000010002020028804202211600000000002            2  01288042022124022100000002916070000000001N090221000000000000000000000000000000000000000000000000000000000000000100028804202882GILBERTO FABIANO CABRAL DE CAMARGO      RUA CARLOS JOSE BORSTENS - 50 AP.44 - AV            11702750                                                            000023
2SR. CAIXA, APOS O VENCIMENTO COBRAR 2% DE MULTA                                 NAO RECEBER APOS 30 DIAS DO VENCIMENTO.                                                                                                                                                                                                         10022100000000000001002210000000000000       0090339900006270288042022116000024
100000000000000000000009033990000627000000000000000000000000010002020000991702211900000000002            2  01009917022124022100000002846180000000001N090221000000000000000000000000000000000000000000000000000000000000000100000991748808JAILSON BORGES DE ANDRADE               RUA IPIOBUNA - 45 - JARDIM CUMBICA - GUA            07240040                                                            000026
2SR. CAIXA, APOS O VENCIMENTO COBRAR 2% DE MULTA                                 NAO RECEBER APOS 30 DIAS DO VENCIMENTO.                                                                                                                                                                                                         10022100000000000001002210000000000000       0090339900006270009917022119000027
100000000000000000000009033990000627000000000000000000000000010002020022151602211500000000002            2  01221516022124022100000002829650000000001N090221000000000000000000000000000000000000000000000000000000000000000100022151666816SAMIR LIMA DE ARAUJO                    AVENIDA GUARAPIRANGA - 2616 AP.131 BL.14            04902005                                                            000029
2SR. CAIXA, APOS O VENCIMENTO COBRAR 2% DE MULTA                                 NAO RECEBER APOS 30 DIAS DO VENCIMENTO.                                                                                                                                                                                                         10022100000000000001002210000000000000       0090339900006270221516022115000030
100000000000000000000009033990000627000000000000000000000000010002020022313102211700000000002            2  01223131022126022100000002176670000000001N090221000000000000000000000000000000000000000000000000000000000000000100022313116824ROSA MARIA BRITO DA SILVA               RUA SERVIDAO DE SAO MARCOS - 113 - JARDI            04930300                                                            000032
2SR. CAIXA, APOS O VENCIMENTO COBRAR 2% DE MULTA                                 NAO RECEBER APOS 30 DIAS DO VENCIMENTO.                                                                                                                                                                                                         10022100000000000001002210000000000000       0090339900006270223131022117000033
100000000000000000000009033990000627000000000000000000000000010002020027538002211900000000002            2  01275380022126022100000002184280000000001N090221000000000000000000000000000000000000000000000000000000000000000100027538087249MARA LUCIA MENEZES DA COSTA             RUA LEILA  - 183 - ITAQUERA - SAO PAULO             08240020                                                            000035
2SR. CAIXA, APOS O VENCIMENTO COBRAR 2% DE MULTA                                 NAO RECEBER APOS 30 DIAS DO VENCIMENTO.                                                                                                                                                                                                         10022100000000000001002210000000000000       0090339900006270275380022119000036
100000000000000000000009033990000627000000000000000000000000010002020031278402211500000000002            2  01312784022124022100000002733540000000001N090221000000000000000000000000000000000000000000000000000000000000000100031278411836JEFFERSON DE PIERI PIRES ZAMUNER        RUA MANOEL ARCE - 277 - PARQUE BANCARIO             03922150                                                            000038
2SR. CAIXA, APOS O VENCIMENTO COBRAR 2% DE MULTA                                 NAO RECEBER APOS 30 DIAS DO VENCIMENTO.                                                                                                                                                                                                         10022100000000000001002210000000000000       0090339900006270312784022115000039
100000000000000000000009033990000627000000000000000000000000010002020019185702211700000000002            2  01191857022126022100000001987730000000001N090221000000000000000000000000000000000000000000000000000000000000000100019185769800AGUINALDO PESSOA DE LIMA                RUA JANUARIO ZINGARO - 252 AP.303 BL.04             05794300                                                            000041
2SR. CAIXA, APOS O VENCIMENTO COBRAR 2% DE MULTA                                 NAO RECEBER APOS 30 DIAS DO VENCIMENTO.                                                                                                                                                                                                         10022100000000000001002210000000000000       0090339900006270191857022117000042
100000000000000000000009033990000627000000000000000000000000010002020033303602211800000000002            2  01333036022126022100000002140960000000001N090221000000000000000000000000000000000000000000000000000000000000000100033303645809JESSICA DA SILVA FREITAS                RUA ARILDO VALADAO - 120 - JARDIM GUAEMB            04814600                                                            000044
2SR. CAIXA, APOS O VENCIMENTO COBRAR 2% DE MULTA                                 NAO RECEBER APOS 30 DIAS DO VENCIMENTO.                                                                                                                                                                                                         10022100000000000001002210000000000000       0090339900006270333036022118000045
100000000000000000000009033990000627000000000000000000000000010002020006422602211300000000002            2  01064226022124022100000002960470000000001N090221000000000000000000000000000000000000000000000000000000000000000100006422607881GERALDO ALVES DA SILVA                  RUA CARLOS JOSE BORSTENS - 50 AP.14 - AV            11702750                                                            000047
2SR. CAIXA, APOS O VENCIMENTO COBRAR 2% DE MULTA                                 NAO RECEBER APOS 30 DIAS DO VENCIMENTO.                                                                                                                                                                                                         10022100000000000001002210000000000000       0090339900006270064226022113000048
100000000000000000000009033990000627000000000000000000000000010002020033877102211500000000002            2  01338771022126022100000002007220000000001N090221000000000000000000000000000000000000000000000000000000000000000100033877129870HELDER FERREIRA VIANA                   RUA JOSE CALIXTO DO CARMO - 286 AP.35 -             11702690                                                            000050
2SR. CAIXA, APOS O VENCIMENTO COBRAR 2% DE MULTA                                 NAO RECEBER APOS 30 DIAS DO VENCIMENTO.                                                                                                                                                                                                         10022100000000000001002210000000000000       0090339900006270338771022115000051
100000000000000000000009033990000627000000000000000000000000010002020028290702211900000000002            2  01282907022126022100000001849920000000001N090221000000000000000000000000000000000000000000000000000000000000000100028290719809VANESSA GIANGARRELLI PEREIRA            RUA BARINEL - 72 - JARDIM COTCHING - SAO            03462130                                                            000053
2SR. CAIXA, APOS O VENCIMENTO COBRAR 2% DE MULTA                                 NAO RECEBER APOS 30 DIAS DO VENCIMENTO.                                                                                                                                                                                                         10022100000000000001002210000000000000       0090339900006270282907022119000054
100000000000000000000009033990000627000000000000000000000000010002020028290702212700000000002            2  01282907022126022100000001849910000000001N090221000000000000000000000000000000000000000000000000000000000000000100028290719809VANESSA GIANGARRELLI PEREIRA            RUA BARINEL - 72 - JARDIM COTCHING - SAO            03462130                                                            000056
2SR. CAIXA, APOS O VENCIMENTO COBRAR 2% DE MULTA                                 NAO RECEBER APOS 30 DIAS DO VENCIMENTO.                                                                                                                                                                                                         10022100000000000001002210000000000000       0090339900006270282907022127000057
100000000000000000000009033990000627000000000000000000000000010002020087573002211400000000002            2  01875730022126022100000002020090000000001N090221000000000000000000000000000000000000000000000000000000000000000100087573059604VANDERLEY DE ASSIS                      RUA ROMEU ALBANI - 268 - JARDIM PARQUE R            13803810                                                            000059
2SR. CAIXA, APOS O VENCIMENTO COBRAR 2% DE MULTA                                 NAO RECEBER APOS 30 DIAS DO VENCIMENTO.                                                                                                                                                                                                         10022100000000000001002210000000000000       0090339900006270875730022114000060
100000000000000000000009033990000627000000000000000000000000010002020010825502211100000000002            2  01108255022126022100000002108050000000001N090221000000000000000000000000000000000000000000000000000000000000000100010825513847JOSE APARECIDO PEREIRA                  RUA GENERAL OSORIO - 305 - JARDIM TRINTA            11515130                                                            000062
2SR. CAIXA, APOS O VENCIMENTO COBRAR 2% DE MULTA                                 NAO RECEBER APOS 30 DIAS DO VENCIMENTO.                                                                                                                                                                                                         10022100000000000001002210000000000000       0090339900006270108255022111000063
100000000000000000000009033990000627000000000000000000000000010002020039115102211300000000002            2  01391151022126022100000002598550000000001N090221000000000000000000000000000000000000000000000000000000000000000100039115139840LAIS CRISTINA RIBEIRO ANDO              RUA JOSE CALIXTO DO CARMO - 286 AP.65 -             11702690                                                            000065
2SR. CAIXA, APOS O VENCIMENTO COBRAR 2% DE MULTA                                 NAO RECEBER APOS 30 DIAS DO VENCIMENTO.                                                                                                                                                                                                         10022100000000000001002210000000000000       0090339900006270391151022113000066
100000000000000000000009033990000627000000000000000000000000010002020029617502211100000000002            2  01296175022124022100000002905800000000001N090221000000000000000000000000000000000000000000000000000000000000000100029617510553MARILENE SOUZA DE OLIVEIRA              AVENIDA BRASIL - 393 AP.09 - PARQUE DAS             09210280                                                            000068
2SR. CAIXA, APOS O VENCIMENTO COBRAR 2% DE MULTA                                 NAO RECEBER APOS 30 DIAS DO VENCIMENTO.                                                                                                                                                                                                         10022100000000000001002210000000000000       0090339900006270296175022111000069
100000000000000000000009033990000627000000000000000000000000010002020000593202211100000000002            2  01005932022124022100000003186960000000001N090221000000000000000000000000000000000000000000000000000000000000000100000593293860WALTER HELIO BARBOSA FILHO              AVENIDA ANTONIO FREDERICO OZANAN - 9500             13214206                                                            000071
2SR. CAIXA, APOS O VENCIMENTO COBRAR 2% DE MULTA                                 NAO RECEBER APOS 30 DIAS DO VENCIMENTO.                                                                                                                                                                                                         10022100000000000001002210000000000000       0090339900006270005932022111000072
100000000000000000000009033990000627000000000000000000000000010002020007730002211700000000002            2  01077300022124022100000004532170000000001N090221000000000000000000000000000000000000000000000000000000000000000100007730084899ARNALDO LUIZ VONO                       RUA CARLOS JOSE BORSTENS - 50 AP.122 - A            11702750                                                            000074
2SR. CAIXA, APOS O VENCIMENTO COBRAR 2% DE MULTA                                 NAO RECEBER APOS 30 DIAS DO VENCIMENTO.                                                                                                                                                                                                         10022100000000000001002210000000000000       0090339900006270077300022117000075
100000000000000000000009033990000627000000000000000000000000010002020065584102211300000000002            2  01655841022124022100000001672980000000001N090221000000000000000000000000000000000000000000000000000000000000000100065584147834JOAQUIM DA COSTA MACHADO NETO           RUA CARLOS JOSE BORSTENS - 50 AP.42 - AV            11702750                                                            000077
2SR. CAIXA, APOS O VENCIMENTO COBRAR 2% DE MULTA                                 NAO RECEBER APOS 30 DIAS DO VENCIMENTO.                                                                                                                                                                                                         10022100000000000001002210000000000000       0090339900006270655841022113000078
100000000000000000000009033990000627000000000000000000000000010002020006684602211600000000002            2  01066846022126022100000002140690000000001N090221000000000000000000000000000000000000000000000000000000000000000100006684623884LAUDINOR VIEIRA GARCIA                  RUA CANDIDO SALES - 374 - JARDIM PRESIDE            07172000                                                            000080
2SR. CAIXA, APOS O VENCIMENTO COBRAR 2% DE MULTA                                 NAO RECEBER APOS 30 DIAS DO VENCIMENTO.                                                                                                                                                                                                         10022100000000000001002210000000000000       0090339900006270066846022116000081
100000000000000000000009033990000627000000000000000000000000010002020011663502211700000000002            2  01116635022126022100000002156100000000001N090221000000000000000000000000000000000000000000000000000000000000000100011663589844MARIA SAVIO QUARELLO                    AVENIDA MENDONCA DRUMOND - 321 - JARDIM             03524030                                                            000083
2SR. CAIXA, APOS O VENCIMENTO COBRAR 2% DE MULTA                                 NAO RECEBER APOS 30 DIAS DO VENCIMENTO.                                                                                                                                                                                                         10022100000000000001002210000000000000       0090339900006270116635022117000084
100000000000000000000009033990000627000000000000000000000000010002020010083802211900000000002            2  01100838022126022100000002083150000000001N090221000000000000000000000000000000000000000000000000000000000000000100010083824855IONE FERREIRA COUTO DA SILVA            RUA JOSE RAGEL DE MESQUITA - 60 CS.01 -             07799999                                                            000086
2SR. CAIXA, APOS O VENCIMENTO COBRAR 2% DE MULTA                                 NAO RECEBER APOS 30 DIAS DO VENCIMENTO.                                                                                                                                                                                                         10022100000000000001002210000000000000       0090339900006270100838022119000087
100000000000000000000009033990000627000000000000000000000000010002020031010702211400000000002            2  01310107022126022100000002044240000000001N090221000000000000000000000000000000000000000000000000000000000000000100031010705890ANDRE GONZALEZ RABELLO                  RUA PARAIBA - 106 AP.61 - POMPEIA - SANT            11065470                                                            000089
2SR. CAIXA, APOS O VENCIMENTO COBRAR 2% DE MULTA                                 NAO RECEBER APOS 30 DIAS DO VENCIMENTO.                                                                                                                                                                                                         10022100000000000001002210000000000000       0090339900006270310107022114000090
100000000000000000000009033990000627000000000000000000000000010002020005351002211300000000002            2  01053510022126022100000006927820000000001N090221000000000000000000000000000000000000000000000000000000000000000100005351015897VALERIA ALVES MARCOLINO HINNIGER        RUA JOSE CALIXTO DO CARMO - 286 AP.92 -             11702690                                                            000092
2SR. CAIXA, APOS O VENCIMENTO COBRAR 2% DE MULTA                                 NAO RECEBER APOS 30 DIAS DO VENCIMENTO.                                                                                                                                                                                                         10022100000000000001002210000000000000       0090339900006270053510022113000093
100000000000000000000009033990000627000000000000000000000000010002020005351002212100000000002            2  01053510022126022100000001916690000000001N090221000000000000000000000000000000000000000000000000000000000000000100005351015897VALERIA ALVES MARCOLINO HINNIGER        RUA JOSE CALIXTO DO CARMO - 286 AP.92 -             11702690                                                            000095
2SR. CAIXA, APOS O VENCIMENTO COBRAR 2% DE MULTA                                 NAO RECEBER APOS 30 DIAS DO VENCIMENTO.                                                                                                                                                                                                         10022100000000000001002210000000000000       0090339900006270053510022121000096
100000000000000000000009033990000627000000000000000000000000010002020031898702211900000000002            2  01318987022124022100000003049410000000001N090221000000000000000000000000000000000000000000000000000000000000000100031898775800ANITA MARTINS COLOMBO                   RUA CARLOS JOSE BORSTENS - 50 AP.115 - A            11702750                                                            000098
2SR. CAIXA, APOS O VENCIMENTO COBRAR 2% DE MULTA                                 NAO RECEBER APOS 30 DIAS DO VENCIMENTO.                                                                                                                                                                                                         10022100000000000001002210000000000000       0090339900006270318987022119000099
100000000000000000000009033990000627000000000000000000000000010002020037983402211900000000002            2  01379834022126022100000002251500000000001N090221000000000000000000000000000000000000000000000000000000000000000100037983484801JOSE ERIVALDO SOUZA DO NASCIMENTO RAMOS RUA LETICIA - 250 - JARDIM GUARUJA - SAO            05877260                                                            000101
2SR. CAIXA, APOS O VENCIMENTO COBRAR 2% DE MULTA                                 NAO RECEBER APOS 30 DIAS DO VENCIMENTO.                                                                                                                                                                                                         10022100000000000001002210000000000000       0090339900006270379834022119000102
100000000000000000000009033990000627000000000000000000000000010002020056289202211P00000000002            2  01562892022126022100000001700890000000001N090221000000000000000000000000000000000000000000000000000000000000000100056289286900PEDRO RIBEIRO                           RUA CONEGO MANOEL VAZ - 48 - SANTANA - S            02019050                                                            000104
2SR. CAIXA, APOS O VENCIMENTO COBRAR 2% DE MULTA                                 NAO RECEBER APOS 30 DIAS DO VENCIMENTO.                                                                                                                                                                                                         10022100000000000001002210000000000000       009033990000627056289202211P000105
100000000000000000000009033990000627000000000000000000000000010002020005025502211300000000002            2  01050255022126022100000002420540000000001N090221000000000000000000000000000000000000000000000000000000000000000100005025595860CONCEICAO APARECIDA DE MESQUITA PEREIRA RUA JOSE CALIXTO DO CARMO - 286 AP.121 -            11702690                                                            000107
2SR. CAIXA, APOS O VENCIMENTO COBRAR 2% DE MULTA                                 NAO RECEBER APOS 30 DIAS DO VENCIMENTO.                                                                                                                                                                                                         10022100000000000001002210000000000000       0090339900006270050255022113000108
100000000000000000000009033990000627000000000000000000000000010002020034735302211600000000002            2  01347353022126022100000002334370000000001N090221000000000000000000000000000000000000000000000000000000000000000100034735328866DIEGO FELIPE MOLINA DA SILVA E SOUSA    RUA EMILIA PAULISTA - 135 - VILA TIRADEN            05364020                                                            000110
2SR. CAIXA, APOS O VENCIMENTO COBRAR 2% DE MULTA                                 NAO RECEBER APOS 30 DIAS DO VENCIMENTO.                                                                                                                                                                                                         10022100000000000001002210000000000000       0090339900006270347353022116000111
100000000000000000000009033990000627000000000000000000000000010002020076175602211700000000002            2  01761756022124022100000004231930000000001N090221000000000000000000000000000000000000000000000000000000000000000100076175685687GILMAR DE OLIVEIRA BRAGA                RUA MARACAJU - 161 AP.202 - NOVA GRANADA            30431350                                                            000113
2SR. CAIXA, APOS O VENCIMENTO COBRAR 2% DE MULTA                                 NAO RECEBER APOS 30 DIAS DO VENCIMENTO.                                                                                                                                                                                                         10022100000000000001002210000000000000       0090339900006270761756022117000114
100000000000000000000009033990000627000000000000000000000000010002020034812202211P00000000002            2  01348122022124022100000004036010000000001N090221000000000000000000000000000000000000000000000000000000000000000100034812226880THAIS TORQUATO MIMOSO DE JESUS          RUA ARNALDO CINTRA - 416 AP.104 TORRE 2             03088000                                                            000116
2SR. CAIXA, APOS O VENCIMENTO COBRAR 2% DE MULTA                                 NAO RECEBER APOS 30 DIAS DO VENCIMENTO.                                                                                                                                                                                                         10022100000000000001002210000000000000       009033990000627034812202211P000117
100000000000000000000009033990000627000000000000000000000000010002020012849402211600000000002            2  01128494022126022100000004021490000000001N090221000000000000000000000000000000000000000000000000000000000000000100012849428809MOISES CLAUDIO DO ROSARIO               AVENIDA DR. AUGUSTO DE TOLEDO - 510 AP.1            09541520                                                            000119
2SR. CAIXA, APOS O VENCIMENTO COBRAR 2% DE MULTA                                 NAO RECEBER APOS 30 DIAS DO VENCIMENTO.                                                                                                                                                                                                         10022100000000000001002210000000000000       0090339900006270128494022116000120
100000000000000000000009033990000627000000000000000000000000010002020015702302211600000000002            2  01157023022126022100000002231210000000001N090221000000000000000000000000000000000000000000000000000000000000000100015702353846MARIA DE LOURDES DE MACENO SOUZA        RUA JOSE CALIXTO DO CARMO - 286 AP.83 -             11702690                                                            000122
2SR. CAIXA, APOS O VENCIMENTO COBRAR 2% DE MULTA                                 NAO RECEBER APOS 30 DIAS DO VENCIMENTO.                                                                                                                                                                                                         10022100000000000001002210000000000000       0090339900006270157023022116000123
100000000000000000000009033990000627000000000000000000000000010002020003658602211000000000002            2  01036586022126022100000001661360000000001N090221000000000000000000000000000000000000000000000000000000000000000100003658668814MARINEZ VALENTIN                        RUA JOSE CALIXTO DO CARMO - 286 AP.95 -             11702690                                                            000125
2SR. CAIXA, APOS O VENCIMENTO COBRAR 2% DE MULTA                                 NAO RECEBER APOS 30 DIAS DO VENCIMENTO.                                                                                                                                                                                                         10022100000000000001002210000000000000       0090339900006270036586022110000126
100000000000000000000009033990000627000000000000000000000000010002020003658602212900000000002            2  01036586022126022100000001661350000000001N090221000000000000000000000000000000000000000000000000000000000000000100003658668814MARINEZ VALENTIN                        RUA JOSE CALIXTO DO CARMO - 286 AP.95 -             11702690                                                            000128
2SR. CAIXA, APOS O VENCIMENTO COBRAR 2% DE MULTA                                 NAO RECEBER APOS 30 DIAS DO VENCIMENTO.                                                                                                                                                                                                         10022100000000000001002210000000000000       0090339900006270036586022129000129
100000000000000000000009033990000627000000000000000000000000010002020014087402211900000000002            2  01140874022126022100000002220250000000001N090221000000000000000000000000000000000000000000000000000000000000000100014087484874SERGIO SANTOS DO NASCIMENTO             RUA PANTALEAO BRAZ - 21 - JARDIM ESTER -            05372080                                                            000131
2SR. CAIXA, APOS O VENCIMENTO COBRAR 2% DE MULTA                                 NAO RECEBER APOS 30 DIAS DO VENCIMENTO.                                                                                                                                                                                                         10022100000000000001002210000000000000       0090339900006270140874022119000132
100000000000000000000009033990000627000000000000000000000000010002020026834502211800000000002            2  01268345022126022100000002045700000000001N090221000000000000000000000000000000000000000000000000000000000000000100026834550895RAQUEL CARDOSO JOAO                     RUA PEDROSO XAVIER - 277 AP.23 TORRE 01             02732020                                                            000134
2SR. CAIXA, APOS O VENCIMENTO COBRAR 2% DE MULTA                                 NAO RECEBER APOS 30 DIAS DO VENCIMENTO.                                                                                                                                                                                                         10022100000000000001002210000000000000       0090339900006270268345022118000135
100000000000000000000009033990000627000000000000000000000000010002020039540002211600000000002            2  01395400022126022100000002011210000000001N090221000000000000000000000000000000000000000000000000000000000000000100039540008816LUZINETE CLARINDO SILVA                 RUA DEINOS - 275 - BAIRRO CIDADE SATELIT            08340100                                                            000137
2SR. CAIXA, APOS O VENCIMENTO COBRAR 2% DE MULTA                                 NAO RECEBER APOS 30 DIAS DO VENCIMENTO.                                                                                                                                                                                                         10022100000000000001002210000000000000       0090339900006270395400022116000138
100000000000000000000009033990000627000000000000000000000000010002020003311002211300000000002            2  01033110022126022100000002094430000000001N090221000000000000000000000000000000000000000000000000000000000000000100003311030877SEBASTIAO SARUVA NETO                   RUA HAMILTON REGIS - 559 - BAIRRO DO LIM            08051440                                                            000140
2SR. CAIXA, APOS O VENCIMENTO COBRAR 2% DE MULTA                                 NAO RECEBER APOS 30 DIAS DO VENCIMENTO.                                                                                                                                                                                                         10022100000000000001002210000000000000       0090339900006270033110022113000141
100000000000000000000009033990000627000000000000000000000000010002020090091902211P00000000002            2  01900919022126022100000002001980000000001N090221000000000000000000000000000000000000000000000000000000000000000100090091990882JUECIR CARVALHO DA LUZ                  RUA JOSE CALIXTO DO CARMO - 286 AP.114 -            11702690                                                            000143
2SR. CAIXA, APOS O VENCIMENTO COBRAR 2% DE MULTA                                 NAO RECEBER APOS 30 DIAS DO VENCIMENTO.                                                                                                                                                                                                         10022100000000000001002210000000000000       009033990000627090091902211P000144
100000000000000000000009033990000627000000000000000000000000010002020037325902211100000000002            2  01373259022126022100000001638340000000001N090221000000000000000000000000000000000000000000000000000000000000000100037325923830MARIA AUGUSTA OLIVEIRA DE ANDRADE       RUA CAIAPOS - 842 AP.63 - VILA TUPI - PR            11703320                                                            000146
2SR. CAIXA, APOS O VENCIMENTO COBRAR 2% DE MULTA                                 NAO RECEBER APOS 30 DIAS DO VENCIMENTO.                                                                                                                                                                                                         10022100000000000001002210000000000000       0090339900006270373259022111000147
100000000000000000000009033990000627000000000000000000000000010002020012478802211900000000002            2  01124788022124022100000002982680000000001N090221000000000000000000000000000000000000000000000000000000000000000100012478899809VITORIA BATISTA QUEIROZ                 RUA CARVALHO DE FREITAS - 255 AP.71A - V            05728030                                                            000149
2SR. CAIXA, APOS O VENCIMENTO COBRAR 2% DE MULTA                                 NAO RECEBER APOS 30 DIAS DO VENCIMENTO.                                                                                                                                                                                                         10022100000000000001002210000000000000       0090339900006270124788022119000150
100000000000000000000009033990000627000000000000000000000000010002020097989902211300000000002            2  01979899022126022100000001375440000000001N090221000000000000000000000000000000000000000000000000000000000000000100097989924820NELSON LUIS BERRIBILLE                  RUA SILVEIRA IGNACIO SOBRINHO - 965 - VI            13560294                                                            000152
2SR. CAIXA, APOS O VENCIMENTO COBRAR 2% DE MULTA                                 NAO RECEBER APOS 30 DIAS DO VENCIMENTO.                                                                                                                                                                                                         10022100000000000001002210000000000000       0090339900006270979899022113000153
100000000000000000000009033990000627000000000000000000000000010002020032341802211200000000002            2  01323418022124022100000003098160000000001N090221000000000000000000000000000000000000000000000000000000000000000100032341847803PRISCILA ALVES DE FRANCA MIRANDA        RUA CARLOS JOSE BORSTENS - 50 AP.91 - AV            11702750                                                            000155
2SR. CAIXA, APOS O VENCIMENTO COBRAR 2% DE MULTA                                 NAO RECEBER APOS 30 DIAS DO VENCIMENTO.                                                                                                                                                                                                         10022100000000000001002210000000000000       0090339900006270323418022112000156
100000000000000000000009033990000627000000000000000000000000010002020061915502211900000000002            2  01619155022126022100000001934830000000001N090221000000000000000000000000000000000000000000000000000000000000000100061915599849NOE ERMINIO CIOFFI                      RUA ASTURIA - 106 - IMIRIN - SAO PAULO -            02540000                                                            000158
2SR. CAIXA, APOS O VENCIMENTO COBRAR 2% DE MULTA                                 NAO RECEBER APOS 30 DIAS DO VENCIMENTO.                                                                                                                                                                                                         10022100000000000001002210000000000000       0090339900006270619155022119000159
100000000000000000000009033990000627000000000000000000000000010002020010650602211300000000002            2  01106506022124022100000002875680000000001N090221000000000000000000000000000000000000000000000000000000000000000100010650684898ANDRE RODRIGUES DE OLIVEIRA             RUA CORACAO PAULISTA - 14 - FAZENDA ITAI            08132430                                                            000161
2SR. CAIXA, APOS O VENCIMENTO COBRAR 2% DE MULTA                                 NAO RECEBER APOS 30 DIAS DO VENCIMENTO.                                                                                                                                                                                                         10022100000000000001002210000000000000       0090339900006270106506022113000162
9                                                                                                                                                                                                                                                                                                                                                                                                         000163