01REMESSA01COBRANCA       00000000000004991781AIRES CONSTRUTORA E INCORPORAD237BRADESCO       010320        MX0000136                                                                                                                                                                                                                                                                                     000001
100000000000000000000009077090006612500000000000000000000000010002100004693803201P00000000002            2  01046938032010032000000003269930000000001N010320000000000000000000000000000000000000000000000000000000000000000100004693857823NIVALDO BARTOLOMEU FERREIRA             MNS JOSE MARINONI  - 33 - SANTO AMARO -             04430350                                                            000002
2SR. CAIXA, APOS O VENCIMENTO COBRAR 10% DE MULTA                                NAO RECEBER APOS 30 DIAS DO VENCIMENTO.                                                                                                                                                                                                         01032000000000000000103200000000000000       009077090006612504693803201P000003
100000000000000000000009077090006612500000000000000000000000010002100000455403201800000000002            2  01004554032010032000000003234400000000001N010320000000000000000000000000000000000000000000000000000000000000000100000455495831PAULO HENRIQUE LOURENCO                 RUA FIGUEIRA  - 237 - CIDADE DAS FLORES             06184060                                                            000005
2SR. CAIXA, APOS O VENCIMENTO COBRAR 10% DE MULTA                                NAO RECEBER APOS 30 DIAS DO VENCIMENTO.                                                                                                                                                                                                         01032000000000000000103200000000000000       0090770900066125004554032018000006
100000000000000000000009077090006612500000000000000000000000010002100006140003201900000000002            2  01061400032010032000000004011110000000001N010320000000000000000000000000000000000000000000000000000000000000000100006140049857MARIA ALBANI DA SILVA EUSEBIO           RUA ORLANDO SEGALA - 108 - JARDIM ADRIAN            07135190                                                            000008
2SR. CAIXA, APOS O VENCIMENTO COBRAR 10% DE MULTA                                NAO RECEBER APOS 30 DIAS DO VENCIMENTO.                                                                                                                                                                                                         01032000000000000000103200000000000000       0090770900066125061400032019000009
100000000000000000000009077090006612500000000000000000000000010002100007768703201800000000002            2  01077687032010032000000004074600000000001N010320000000000000000000000000000000000000000000000000000000000000000100007768713826FATIMA LUZIA BIANCHI                    RUA MONTE CASTELO - 295 AP.121 - AVIACAO            11702720                                                            000011
2SR. CAIXA, APOS O VENCIMENTO COBRAR 10% DE MULTA                                NAO RECEBER APOS 30 DIAS DO VENCIMENTO.                                                                                                                                                                                                         01032000000000000000103200000000000000       0090770900066125077687032018000012
100000000000000000000009077090006612500000000000000000000000010002100021716803201500000000002            2  01217168032010032000000004014110000000001N010320000000000000000000000000000000000000000000000000000000000000000100021716847800ANDRE LUIZ FAGUNDES DE A.MATOS          ABRAAO MIGUEL DO CARMO - 113 AP.64 - VIL            04306090                                                            000014
2SR. CAIXA, APOS O VENCIMENTO COBRAR 10% DE MULTA                                NAO RECEBER APOS 30 DIAS DO VENCIMENTO.                                                                                                                                                                                                         01032000000000000000103200000000000000       0090770900066125217168032015000015
100000000000000000000009077090006612500000000000000000000000010002100085416903201900000000002            2  01854169032010032000000003402850000000001N010320000000000000000000000000000000000000000000000000000000000000000100085416940891ANTONIO DE SOUSA MENDES                 RUA MONTE CASTELO - 296 AP.52 - AVIACAO             11702720                                                            000017
2SR. CAIXA, APOS O VENCIMENTO COBRAR 10% DE MULTA                                NAO RECEBER APOS 30 DIAS DO VENCIMENTO.                                                                                                                                                                                                         01032000000000000000103200000000000000       0090770900066125854169032019000018
100000000000000000000009077090006612500000000000000000000000010002100005678003201200000000002            2  01056780032010032000000003543980000000001N010320000000000000000000000000000000000000000000000000000000000000000100005678057863FABIO MOREIRA CAMPOS                    RUA FLORENCIO DA SILVA - 284 - VILA LIBA            03738070                                                            000020
2SR. CAIXA, APOS O VENCIMENTO COBRAR 10% DE MULTA                                NAO RECEBER APOS 30 DIAS DO VENCIMENTO.                                                                                                                                                                                                         01032000000000000000103200000000000000       0090770900066125056780032012000021
100000000000000000000009077090006612500000000000000000000000010002100016348203201900000000002            2  01163482032010032000000003457420000000001N010320000000000000000000000000000000000000000000000000000000000000000100016348237885AILTON LORENA                           AVENIDA BRASILIA - 194 - BELA VISTA - SA            09180260                                                            000023
2SR. CAIXA, APOS O VENCIMENTO COBRAR 10% DE MULTA                                NAO RECEBER APOS 30 DIAS DO VENCIMENTO.                                                                                                                                                                                                         01032000000000000000103200000000000000       0090770900066125163482032019000024
100000000000000000000009077090006612500000000000000000000000010002100081218403201200000000002            2  01812184032010032000000003336840000000001N010320000000000000000000000000000000000000000000000000000000000000000100081218486953OSMAR DA COSTA - A/C RITA GONCALVES     AVENIDA ALMEIDA JUNIOR - 717 - SAMAMBAIA            11713050                                                            000026
2SR. CAIXA, APOS O VENCIMENTO COBRAR 10% DE MULTA                                NAO RECEBER APOS 30 DIAS DO VENCIMENTO.                                                                                                                                                                                                         01032000000000000000103200000000000000       0090770900066125812184032012000027
100000000000000000000009077090006612500000000000000000000000010002100004981803201500000000002            2  01049818032010032000000003790050000000001N010320000000000000000000000000000000000000000000000000000000000000000100004981884850SILVIO PAULINO GONCALVES                MARIA DE CASTRO MESQUITA - 84 AP.103 BLO            07110040                                                            000029
2SR. CAIXA, APOS O VENCIMENTO COBRAR 10% DE MULTA                                NAO RECEBER APOS 30 DIAS DO VENCIMENTO.                                                                                                                                                                                                         01032000000000000000103200000000000000       0090770900066125049818032015000030
100000000000000000000009077090006612500000000000000000000000010002100019282503201P00000000002            2  01192825032010032000000008056350000000001N010320000000000000000000000000000000000000000000000000000000000000000100019282546837FABIO LEANDRO DE FREITAS ASSIS          RUA BASSIM NAGIB TRABULSI - 97 - PONTA D            11030540                                                            000032
2SR. CAIXA, APOS O VENCIMENTO COBRAR 10% DE MULTA                                NAO RECEBER APOS 30 DIAS DO VENCIMENTO.                                                                                                                                                                                                         01032000000000000000103200000000000000       009077090006612519282503201P000033
100000000000000000000009077090006612500000000000000000000000010002100019282503202800000000002            2  01192825032010032000000002487770000000001N010320000000000000000000000000000000000000000000000000000000000000000100019282546837FABIO LEANDRO DE FREITAS ASSIS          RUA BASSIM NAGIB TRABULSI - 97 - PONTA D            11030540                                                            000035
2SR. CAIXA, APOS O VENCIMENTO COBRAR 10% DE MULTA                                NAO RECEBER APOS 30 DIAS DO VENCIMENTO.                                                                                                                                                                                                         01032000000000000000103200000000000000       0090770900066125192825032028000036
100000000000000000000009077090006612500000000000000000000000010002100008423403201300000000002            2  01084234032010032000000003457350000000001N010320000000000000000000000000000000000000000000000000000000000000000100008423485811EDSON LUIZ NUNES                        RUA NOEMIA PEDROSO BUENO - 41 - JARDIM G            09360440                                                            000038
2SR. CAIXA, APOS O VENCIMENTO COBRAR 10% DE MULTA                                NAO RECEBER APOS 30 DIAS DO VENCIMENTO.                                                                                                                                                                                                         01032000000000000000103200000000000000       0090770900066125084234032013000039
100000000000000000000009077090006612500000000000000000000000010002100003865703201800000000002            2  01038657032010032000000003333480000000001N010320000000000000000000000000000000000000000000000000000000000000000100003865776841FRANCISCO JOSE ROCCO                    RUA FABIO JOSE BEZERRA - 130 AP.86 - PAR            03805000                                                            000041
2SR. CAIXA, APOS O VENCIMENTO COBRAR 10% DE MULTA                                NAO RECEBER APOS 30 DIAS DO VENCIMENTO.                                                                                                                                                                                                         01032000000000000000103200000000000000       0090770900066125038657032018000042
100000000000000000000009077090006612500000000000000000000000010002100028309503201400000000002            2  01283095032010032000000002972690000000001N010320000000000000000000000000000000000000000000000000000000000000000100028309524803DEISE RIBEIRO BARBOSA                   RUA CANDIDO JOSE DE ANDRADE - 173 - ERME            03807030                                                            000044
2SR. CAIXA, APOS O VENCIMENTO COBRAR 10% DE MULTA                                NAO RECEBER APOS 30 DIAS DO VENCIMENTO.                                                                                                                                                                                                         01032000000000000000103200000000000000       0090770900066125283095032014000045
100000000000000000000009077090006612500000000000000000000000010002100011277903201400000000002            2  01112779032010032000000003528250000000001N010320000000000000000000000000000000000000000000000000000000000000000100011277908893JOSE AILTON LOPES DE AZEVEDO            RUA MAESTRO JOAO SEPE - 19 - JARDIM MARI            04181030                                                            000047
2SR. CAIXA, APOS O VENCIMENTO COBRAR 10% DE MULTA                                NAO RECEBER APOS 30 DIAS DO VENCIMENTO.                                                                                                                                                                                                         01032000000000000000103200000000000000       0090770900066125112779032014000048
100000000000000000000009077090006612500000000000000000000000010002100025215103201100000000002            2  01252151032010032000000002660740000000001N010320000000000000000000000000000000000000000000000000000000000000000100025215106886KLEBER LUIZ DOS SANTOS                  RUA MONTE CASTELO - 262 AP.15 - AVIACAO             11702720                                                            000050
2SR. CAIXA, APOS O VENCIMENTO COBRAR 10% DE MULTA                                NAO RECEBER APOS 30 DIAS DO VENCIMENTO.                                                                                                                                                                                                         01032000000000000000103200000000000000       0090770900066125252151032011000051
100000000000000000000009077090006612500000000000000000000000010002100090206703201900000000002            2  01902067032010032000000002971950000000001N010320000000000000000000000000000000000000000000000000000000000000000100090206789815NEREIDE RODRIGUES FERREIRA              AVENIDA PADRE ESTANISLAU DE CAMPOS - 205            03590060                                                            000053
2SR. CAIXA, APOS O VENCIMENTO COBRAR 10% DE MULTA                                NAO RECEBER APOS 30 DIAS DO VENCIMENTO.                                                                                                                                                                                                         01032000000000000000103200000000000000       0090770900066125902067032019000054
100000000000000000000009077090006612500000000000000000000000010002100029150703201700000000002            2  01291507032010032000000003478710000000001N010320000000000000000000000000000000000000000000000000000000000000000100029150742833ANA DEISE SANTOS DE ALMEIDA             RUA MONTE CASTELO - 296 AP.121 - AVIACAO            11702720                                                            000056
2SR. CAIXA, APOS O VENCIMENTO COBRAR 10% DE MULTA                                NAO RECEBER APOS 30 DIAS DO VENCIMENTO.                                                                                                                                                                                                         01032000000000000000103200000000000000       0090770900066125291507032017000057
100000000000000000000009077090006612500000000000000000000000010002100000811703201200000000002            2  01008117032010032000000002865340000000001N010320000000000000000000000000000000000000000000000000000000000000000100000811752801SERGIO BUENO DA SILVA                   RUA MONTE CASTELO - 262 AP.75 - AVIACAO             11702720                                                            000059
2SR. CAIXA, APOS O VENCIMENTO COBRAR 10% DE MULTA                                NAO RECEBER APOS 30 DIAS DO VENCIMENTO.                                                                                                                                                                                                         01032000000000000000103200000000000000       0090770900066125008117032012000060
100000000000000000000009077090006612500000000000000000000000010002100018344803201900000000002            2  01183448032010032000000003896170000000001N010320000000000000000000000000000000000000000000000000000000000000000100018344803888MARCELO BERNARDO                        RUA MONTE CASTELO - 262 AP.84 - AVIACAO             11702720                                                            000062
2SR. CAIXA, APOS O VENCIMENTO COBRAR 10% DE MULTA                                NAO RECEBER APOS 30 DIAS DO VENCIMENTO.                                                                                                                                                                                                         01032000000000000000103200000000000000       0090770900066125183448032019000063
100000000000000000000009077090006612500000000000000000000000010002100004004303201600000000002            2  01040043032010032000000005106630000000001N010320000000000000000000000000000000000000000000000000000000000000000100004004328896VANDERLEI  MARTINS DE ALMEIDA           RUA MONSENHOR TABOSA - 03 - PARQUE CISPE            03819300                                                            000065
2SR. CAIXA, APOS O VENCIMENTO COBRAR 10% DE MULTA                                NAO RECEBER APOS 30 DIAS DO VENCIMENTO.                                                                                                                                                                                                         01032000000000000000103200000000000000       0090770900066125040043032016000066
100000000000000000000009077090006612500000000000000000000000010002100016339403201700000000002            2  01163394032010032000000003081020000000001N010320000000000000000000000000000000000000000000000000000000000000000100016339432832ALEX MONTEIRO DA SILVA                  RUA IVA MOURA LIMA - 04 - JARDIM MIRNA I            04855540                                                            000068
2SR. CAIXA, APOS O VENCIMENTO COBRAR 10% DE MULTA                                NAO RECEBER APOS 30 DIAS DO VENCIMENTO.                                                                                                                                                                                                         01032000000000000000103200000000000000       0090770900066125163394032017000069
100000000000000000000009077090006612500000000000000000000000010002100031803803201400000000002            2  01318038032010032000000003146340000000001N010320000000000000000000000000000000000000000000000000000000000000000100031803864877ELEILSON FELIPPE SANTOS                 RUA SANTA GREGORIA - 193 - CIDADE DUTRA             04806030                                                            000071
2SR. CAIXA, APOS O VENCIMENTO COBRAR 10% DE MULTA                                NAO RECEBER APOS 30 DIAS DO VENCIMENTO.                                                                                                                                                                                                         01032000000000000000103200000000000000       0090770900066125318038032014000072
100000000000000000000009077090006612500000000000000000000000010002100026032603201200000000002            2  01260326032010032000000002165200000000001N010320000000000000000000000000000000000000000000000000000000000000000100026032632857MARILA LOPES PEREIRA                    AVENIDA LUIZ GISHOKEM - 1761 AP.13 BL.05            05831315                                                            000074
2SR. CAIXA, APOS O VENCIMENTO COBRAR 10% DE MULTA                                NAO RECEBER APOS 30 DIAS DO VENCIMENTO.                                                                                                                                                                                                         01032000000000000000103200000000000000       0090770900066125260326032012000075
100000000000000000000009077090006612500000000000000000000000010002100063064503201900000000002            2  01630645032010032000000003749430000000001N010320000000000000000000000000000000000000000000000000000000000000000100063064537849ANTONIO APARECIDO DA SILVA DESTEFANO    RUA PROFESSOR TEODORO BRAGA - 46 - VILA             02966020                                                            000077
2SR. CAIXA, APOS O VENCIMENTO COBRAR 10% DE MULTA                                NAO RECEBER APOS 30 DIAS DO VENCIMENTO.                                                                                                                                                                                                         01032000000000000000103200000000000000       0090770900066125630645032019000078
100000000000000000000009077090006612500000000000000000000000010002100010107703201400000000002            2  01101077032010032000000003593080000000001N010320000000000000000000000000000000000000000000000000000000000000000100010107711834VALDEMAR FECCHIO                        RUA DEPUTADO EMILIO CARLOS - 355 AP.21-B            06028010                                                            000080
2SR. CAIXA, APOS O VENCIMENTO COBRAR 10% DE MULTA                                NAO RECEBER APOS 30 DIAS DO VENCIMENTO.                                                                                                                                                                                                         01032000000000000000103200000000000000       0090770900066125101077032014000081
100000000000000000000009077090006612500000000000000000000000010002100003330703201300000000002            2  01033307032010032000000004622290000000001N010320000000000000000000000000000000000000000000000000000000000000000100003330791837MARLI DA SILVA BARBOSA                  RUA GLICERIO CERQUEIRA LEITE - 151 - JAR            03675040                                                            000083
2SR. CAIXA, APOS O VENCIMENTO COBRAR 10% DE MULTA                                NAO RECEBER APOS 30 DIAS DO VENCIMENTO.                                                                                                                                                                                                         01032000000000000000103200000000000000       0090770900066125033307032013000084
100000000000000000000009077090006612500000000000000000000000010002100005920503201800000000002            2  01059205032010032000000002182950000000001N010320000000000000000000000000000000000000000000000000000000000000000100005920579846SONIA MARIA VALDO POLLO                 RUA PALMIRA CERVI BARBARO - 797 - CIDADE            13214370                                                            000086
2SR. CAIXA, APOS O VENCIMENTO COBRAR 10% DE MULTA                                NAO RECEBER APOS 30 DIAS DO VENCIMENTO.                                                                                                                                                                                                         01032000000000000000103200000000000000       0090770900066125059205032018000087
100000000000000000000009077090006612500000000000000000000000010002100002494103201900000000002            2  01024941032010032000000003282150000000001N010320000000000000000000000000000000000000000000000000000000000000000100002494107881CIRO FRANCISCO MARCHI DURIGON           RUA MONTE CASTELO - 262 AP.115 - AVIACAO            11702720                                                            000089
2SR. CAIXA, APOS O VENCIMENTO COBRAR 10% DE MULTA                                NAO RECEBER APOS 30 DIAS DO VENCIMENTO.                                                                                                                                                                                                         01032000000000000000103200000000000000       0090770900066125024941032019000090
100000000000000000000009077090006612500000000000000000000000010002100007002303201600000000002            2  01070023032010032000000003226510000000001N010320000000000000000000000000000000000000000000000000000000000000000100007002345869DOMINGOS DE BRITO GALVAO                RUA MONTE CASTELO - 262 AP.44 - AVIACAO             11702720                                                            000092
2SR. CAIXA, APOS O VENCIMENTO COBRAR 10% DE MULTA                                NAO RECEBER APOS 30 DIAS DO VENCIMENTO.                                                                                                                                                                                                         01032000000000000000103200000000000000       0090770900066125070023032016000093
100000000000000000000009077090006612500000000000000000000000010002100016299003201P00000000002            2  01162990032010032000000006537090000000001N010320000000000000000000000000000000000000000000000000000000000000000100016299008857FERNANDO CESAR CARVALHO                 AVENIDA MARCONDES DE BRITO - 1340 AP.74             03509000                                                            000095
2SR. CAIXA, APOS O VENCIMENTO COBRAR 10% DE MULTA                                NAO RECEBER APOS 30 DIAS DO VENCIMENTO.                                                                                                                                                                                                         01032000000000000000103200000000000000       009077090006612516299003201P000096
100000000000000000000009077090006612500000000000000000000000010002100016299003202800000000002            2  01162990032010032000000003110360000000001N010320000000000000000000000000000000000000000000000000000000000000000100016299008857FERNANDO CESAR CARVALHO                 AVENIDA MARCONDES DE BRITO - 1340 AP.74             03509000                                                            000098
2SR. CAIXA, APOS O VENCIMENTO COBRAR 10% DE MULTA                                NAO RECEBER APOS 30 DIAS DO VENCIMENTO.                                                                                                                                                                                                         01032000000000000000103200000000000000       0090770900066125162990032028000099
100000000000000000000009077090006612500000000000000000000000010002100031082803201300000000002            2  01310828032010032000000003125440000000001N010320000000000000000000000000000000000000000000000000000000000000000100031082898880VANESSA DOS SANTOS NEIVA                RUA MONTE CASTELO - 296 AP.33 - BAIRRO A            11702720                                                            000101
2SR. CAIXA, APOS O VENCIMENTO COBRAR 10% DE MULTA                                NAO RECEBER APOS 30 DIAS DO VENCIMENTO.                                                                                                                                                                                                         01032000000000000000103200000000000000       0090770900066125310828032013000102
100000000000000000000009077090006612500000000000000000000000010002100065895303201300000000002            2  01658953032010032000000001902940000000001N010320000000000000000000000000000000000000000000000000000000000000000100065895304834MARINHO BARBOSA CUNHA                   AVENIDA EDU CHAVES - 639 AP.43 - PARQUE             02229000                                                            000104
2SR. CAIXA, APOS O VENCIMENTO COBRAR 10% DE MULTA                                NAO RECEBER APOS 30 DIAS DO VENCIMENTO.                                                                                                                                                                                                         01032000000000000000103200000000000000       0090770900066125658953032013000105
100000000000000000000009077090006612500000000000000000000000010002100008931003201100000000002            2  01089310032010032000000000710280000000001N010320000000000000000000000000000000000000000000000000000000000000000100008931031874BENEVENUTO THEODORO DA SILVA NETO       RUA MONTE CASTELO - 296 AP.63 - AVIACAO             11702720                                                            000107
2SR. CAIXA, APOS O VENCIMENTO COBRAR 10% DE MULTA                                NAO RECEBER APOS 30 DIAS DO VENCIMENTO.                                                                                                                                                                                                         01032000000000000000103200000000000000       0090770900066125089310032011000108
9                                                                                                                                                                                                                                                                                                                                                                                                         000109