01REMESSA01COBRANCA       00000000000008017025HB SANTOS CONSTRUTORA E INCORP237BRADESCO       110220        MX0000097                                                                                                                                                                                                                                                                                     000001
100000000000000000000009033990000627000000000000000000000000010002020025035102201800000000002            2  01250351022024022000000002187150000000001N110220000000000000000000000000000000000000000000000000000000000000000100025035170802WANDERSON LUIS DE CARVALHO              RUA JOAQUIM GONCALVES ROCHA - 302 - JARD            02859030                                                            000002
2SR. CAIXA, APOS O VENCIMENTO COBRAR 2% DE MULTA                                 NAO RECEBER APOS 30 DIAS DO VENCIMENTO.                                                                                                                                                                                                         11022000000000000001102200000000000000       0090339900006270250351022018000003
100000000000000000000009033990000627000000000000000000000000010002020007294302201500000000002            2  01072943022024022000000002941760000000001N110220000000000000000000000000000000000000000000000000000000000000000100007294351805CLAUDENIR APARECIDO VACARI              RUA CARLOS JOSE BORSTENS - 50 AP.93 - AV            11702750                                                            000005
2SR. CAIXA, APOS O VENCIMENTO COBRAR 2% DE MULTA                                 NAO RECEBER APOS 30 DIAS DO VENCIMENTO.                                                                                                                                                                                                         11022000000000000001102200000000000000       0090339900006270072943022015000006
100000000000000000000009033990000627000000000000000000000000010002020042976102201500000000002            2  01429761022024022000000002972640000000001N110220000000000000000000000000000000000000000000000000000000000000000100042976111634ACACIO TOSCANO BONDANCA                 RUA COMENDADOR JACOMO ANTONIO LA SELVA -            12946797                                                            000008
2SR. CAIXA, APOS O VENCIMENTO COBRAR 2% DE MULTA                                 NAO RECEBER APOS 30 DIAS DO VENCIMENTO.                                                                                                                                                                                                         11022000000000000001102200000000000000       0090339900006270429761022015000009
100000000000000000000009033990000627000000000000000000000000010002020035438002201900000000002            2  01354380022024022000000002510530000000001N110220000000000000000000000000000000000000000000000000000000000000000100035438022836ALESSANDRO FARACO DOS SANTOS            RUA PEDRO POMAR  - 145 - JARDIM ELISA MA            02875020                                                            000011
2SR. CAIXA, APOS O VENCIMENTO COBRAR 2% DE MULTA                                 NAO RECEBER APOS 30 DIAS DO VENCIMENTO.                                                                                                                                                                                                         11022000000000000001102200000000000000       0090339900006270354380022019000012
100000000000000000000009033990000627000000000000000000000000010002020007525002201000000000002            2  01075250022024022000000003290470000000001N110220000000000000000000000000000000000000000000000000000000000000000100007525032866FERNANDO RIBEIRO                        RUA CARLOS JOSE BORSTENS - 50 AP.32 - AV            11702750                                                            000014
2SR. CAIXA, APOS O VENCIMENTO COBRAR 2% DE MULTA                                 NAO RECEBER APOS 30 DIAS DO VENCIMENTO.                                                                                                                                                                                                         11022000000000000001102200000000000000       0090339900006270075250022010000015
100000000000000000000009033990000627000000000000000000000000010002020005071402201600000000002            2  01050714022024022000000002886380000000001N110220000000000000000000000000000000000000000000000000000000000000000100005071481855ERIBALDO SANTANA CARVALHO               RUA HONDURAS - 477 - PARQUE DAS AMERICAS            09351070                                                            000017
2SR. CAIXA, APOS O VENCIMENTO COBRAR 2% DE MULTA                                 NAO RECEBER APOS 30 DIAS DO VENCIMENTO.                                                                                                                                                                                                         11022000000000000001102200000000000000       0090339900006270050714022016000018
100000000000000000000009033990000627000000000000000000000000010002020002841702201P00000000002            2  01028417022024022000000002700480000000001N110220000000000000000000000000000000000000000000000000000000000000000100002841756416LUCIANA PINHEIRO DE ASSIS NUNES         RUA RIO ACIMA - 81 - RIACHO GRANDE - SAO            09830100                                                            000020
2SR. CAIXA, APOS O VENCIMENTO COBRAR 2% DE MULTA                                 NAO RECEBER APOS 30 DIAS DO VENCIMENTO.                                                                                                                                                                                                         11022000000000000001102200000000000000       009033990000627002841702201P000021
100000000000000000000009033990000627000000000000000000000000010002020084302002201900000000002            2  01843020022024022000000002713430000000001N110220000000000000000000000000000000000000000000000000000000000000000100084302097868FAUSTO TADEU VILOR                      RUA ANTONIO TAVARES - 466 - BAIRRO CAMBU            01542010                                                            000023
2SR. CAIXA, APOS O VENCIMENTO COBRAR 2% DE MULTA                                 NAO RECEBER APOS 30 DIAS DO VENCIMENTO.                                                                                                                                                                                                         11022000000000000001102200000000000000       0090339900006270843020022019000024
100000000000000000000009033990000627000000000000000000000000010002020028804202201900000000002            2  01288042022024022000000002665970000000001N110220000000000000000000000000000000000000000000000000000000000000000100028804202882GILBERTO FABIANO CABRAL DE CAMARGO      RUA CARLOS JOSE BORSTENS - 50 AP.44 - AV            11702750                                                            000026
2SR. CAIXA, APOS O VENCIMENTO COBRAR 2% DE MULTA                                 NAO RECEBER APOS 30 DIAS DO VENCIMENTO.                                                                                                                                                                                                         11022000000000000001102200000000000000       0090339900006270288042022019000027
100000000000000000000009033990000627000000000000000000000000010002020000991702201100000000002            2  01009917022024022000000002602080000000001N110220000000000000000000000000000000000000000000000000000000000000000100000991748808JAILSON BORGES DE ANDRADE               RUA IPIOBUNA - 45 - JARDIM CUMBICA - GUA            07240040                                                            000029
2SR. CAIXA, APOS O VENCIMENTO COBRAR 2% DE MULTA                                 NAO RECEBER APOS 30 DIAS DO VENCIMENTO.                                                                                                                                                                                                         11022000000000000001102200000000000000       0090339900006270009917022011000030
100000000000000000000009033990000627000000000000000000000000010002020092180202201900000000002            2  01921802022024022000000003547620000000001N110220000000000000000000000000000000000000000000000000000000000000000100092180299834LUIS ROBERTO DE SA DUARTE               RUA TEBAS - 296 AP.84 BLOCO 2 CE - JARDI            04634031                                                            000032
2SR. CAIXA, APOS O VENCIMENTO COBRAR 2% DE MULTA                                 NAO RECEBER APOS 30 DIAS DO VENCIMENTO.                                                                                                                                                                                                         11022000000000000001102200000000000000       0090339900006270921802022019000033
100000000000000000000009033990000627000000000000000000000000010002020092180202202700000000002            2  01921802022024022000000003547610000000001N110220000000000000000000000000000000000000000000000000000000000000000100092180299834LUIS ROBERTO DE SA DUARTE               RUA TEBAS - 296 AP.84 BLOCO 2 CE - JARDI            04634031                                                            000035
2SR. CAIXA, APOS O VENCIMENTO COBRAR 2% DE MULTA                                 NAO RECEBER APOS 30 DIAS DO VENCIMENTO.                                                                                                                                                                                                         11022000000000000001102200000000000000       0090339900006270921802022027000036
100000000000000000000009033990000627000000000000000000000000010002020092180202203500000000002            2  01921802022024022000000003547600000000001N110220000000000000000000000000000000000000000000000000000000000000000100092180299834LUIS ROBERTO DE SA DUARTE               RUA TEBAS - 296 AP.84 BLOCO 2 CE - JARDI            04634031                                                            000038
2SR. CAIXA, APOS O VENCIMENTO COBRAR 2% DE MULTA                                 NAO RECEBER APOS 30 DIAS DO VENCIMENTO.                                                                                                                                                                                                         11022000000000000001102200000000000000       0090339900006270921802022035000039
100000000000000000000009033990000627000000000000000000000000010002020092180202204300000000002            2  01921802022024022000000003547590000000001N110220000000000000000000000000000000000000000000000000000000000000000100092180299834LUIS ROBERTO DE SA DUARTE               RUA TEBAS - 296 AP.84 BLOCO 2 CE - JARDI            04634031                                                            000041
2SR. CAIXA, APOS O VENCIMENTO COBRAR 2% DE MULTA                                 NAO RECEBER APOS 30 DIAS DO VENCIMENTO.                                                                                                                                                                                                         11022000000000000001102200000000000000       0090339900006270921802022043000042
100000000000000000000009033990000627000000000000000000000000010002020092180202205100000000002            2  01921802022024022000000003547580000000001N110220000000000000000000000000000000000000000000000000000000000000000100092180299834LUIS ROBERTO DE SA DUARTE               RUA TEBAS - 296 AP.84 BLOCO 2 CE - JARDI            04634031                                                            000044
2SR. CAIXA, APOS O VENCIMENTO COBRAR 2% DE MULTA                                 NAO RECEBER APOS 30 DIAS DO VENCIMENTO.                                                                                                                                                                                                         11022000000000000001102200000000000000       0090339900006270921802022051000045
100000000000000000000009033990000627000000000000000000000000010002020092180202206P00000000002            2  01921802022024022000000003547570000000001N110220000000000000000000000000000000000000000000000000000000000000000100092180299834LUIS ROBERTO DE SA DUARTE               RUA TEBAS - 296 AP.84 BLOCO 2 CE - JARDI            04634031                                                            000047
2SR. CAIXA, APOS O VENCIMENTO COBRAR 2% DE MULTA                                 NAO RECEBER APOS 30 DIAS DO VENCIMENTO.                                                                                                                                                                                                         11022000000000000001102200000000000000       009033990000627092180202206P000048
100000000000000000000009033990000627000000000000000000000000010002020022151602201800000000002            2  01221516022024022000000002586990000000001N110220000000000000000000000000000000000000000000000000000000000000000100022151666816SAMIR LIMA DE ARAUJO                    AVENIDA GUARAPIRANGA - 2616 AP.42 BLOCO1            04902005                                                            000050
2SR. CAIXA, APOS O VENCIMENTO COBRAR 2% DE MULTA                                 NAO RECEBER APOS 30 DIAS DO VENCIMENTO.                                                                                                                                                                                                         11022000000000000001102200000000000000       0090339900006270221516022018000051
100000000000000000000009033990000627000000000000000000000000010002020022313102201P00000000002            2  01223131022026022000000001990000000000001N110220000000000000000000000000000000000000000000000000000000000000000100022313116824ROSA MARIA BRITO DA SILVA               RUA SERVIDAO DE SAO MARCOS - 113 - JARDI            04930300                                                            000053
2SR. CAIXA, APOS O VENCIMENTO COBRAR 2% DE MULTA                                 NAO RECEBER APOS 30 DIAS DO VENCIMENTO.                                                                                                                                                                                                         11022000000000000001102200000000000000       009033990000627022313102201P000054
100000000000000000000009033990000627000000000000000000000000010002020027538002201100000000002            2  01275380022026022000000001996950000000001N110220000000000000000000000000000000000000000000000000000000000000000100027538087249MARA LUCIA MENEZES DA COSTA             RUA LEILA  - 183 - ITAQUERA - SAO PAULO             08240020                                                            000056
2SR. CAIXA, APOS O VENCIMENTO COBRAR 2% DE MULTA                                 NAO RECEBER APOS 30 DIAS DO VENCIMENTO.                                                                                                                                                                                                         11022000000000000001102200000000000000       0090339900006270275380022011000057
100000000000000000000009033990000627000000000000000000000000010002020031278402201800000000002            2  01312784022024022000000002499100000000001N110220000000000000000000000000000000000000000000000000000000000000000100031278411836JEFFERSON DE PIERI PIRES ZAMUNER        RUA MANOEL ARCE - 277 - PARQUE BANCARIO             03922150                                                            000059
2SR. CAIXA, APOS O VENCIMENTO COBRAR 2% DE MULTA                                 NAO RECEBER APOS 30 DIAS DO VENCIMENTO.                                                                                                                                                                                                         11022000000000000001102200000000000000       0090339900006270312784022018000060
100000000000000000000009033990000627000000000000000000000000010002020019185702201P00000000002            2  01191857022026022000000001817260000000001N110220000000000000000000000000000000000000000000000000000000000000000100019185769800AGUINALDO PESSOA DE LIMA                RUA JANUARIO ZINGARO - 252 AP.303 BL.04             05794300                                                            000062
2SR. CAIXA, APOS O VENCIMENTO COBRAR 2% DE MULTA                                 NAO RECEBER APOS 30 DIAS DO VENCIMENTO.                                                                                                                                                                                                         11022000000000000001102200000000000000       009033990000627019185702201P000063
100000000000000000000009033990000627000000000000000000000000010002020033303602201000000000002            2  01333036022026022000000001957350000000001N110220000000000000000000000000000000000000000000000000000000000000000100033303645809JESSICA DA SILVA FREITAS                RUA ARILDO VALADAO - 120 - JARDIM GUAEMB            04814600                                                            000065
2SR. CAIXA, APOS O VENCIMENTO COBRAR 2% DE MULTA                                 NAO RECEBER APOS 30 DIAS DO VENCIMENTO.                                                                                                                                                                                                         11022000000000000001102200000000000000       0090339900006270333036022010000066
100000000000000000000009033990000627000000000000000000000000010002020004824402201P00000000002            2  01048244022026022000000001972840000000001N110220000000000000000000000000000000000000000000000000000000000000000100004824443806ROSIMEIRE CLARA FERREIRA REZENDE        RUA JOSE CALIXTO DO CARMO - 286 AP.43 -             11702690                                                            000068
2SR. CAIXA, APOS O VENCIMENTO COBRAR 2% DE MULTA                                 NAO RECEBER APOS 30 DIAS DO VENCIMENTO.                                                                                                                                                                                                         11022000000000000001102200000000000000       009033990000627004824402201P000069
100000000000000000000009033990000627000000000000000000000000010002020006422602201600000000002            2  01064226022024022000000002706580000000001N110220000000000000000000000000000000000000000000000000000000000000000100006422607881GERALDO ALVES DA SILVA                  RUA CARLOS JOSE BORSTENS - 50 AP.14 - AV            11702750                                                            000071
2SR. CAIXA, APOS O VENCIMENTO COBRAR 2% DE MULTA                                 NAO RECEBER APOS 30 DIAS DO VENCIMENTO.                                                                                                                                                                                                         11022000000000000001102200000000000000       0090339900006270064226022016000072
100000000000000000000009033990000627000000000000000000000000010002020033877102201800000000002            2  01338771022026022000000001835080000000001N110220000000000000000000000000000000000000000000000000000000000000000100033877129870HELDER FERREIRA VIANA                   RUA JOSE CALIXTO DO CARMO - 286 AP.35 -             11702690                                                            000074
2SR. CAIXA, APOS O VENCIMENTO COBRAR 2% DE MULTA                                 NAO RECEBER APOS 30 DIAS DO VENCIMENTO.                                                                                                                                                                                                         11022000000000000001102200000000000000       0090339900006270338771022018000075
100000000000000000000009033990000627000000000000000000000000010002020028290702201100000000002            2  01282907022026022000000001691250000000001N110220000000000000000000000000000000000000000000000000000000000000000100028290719809VANESSA GIANGARRELLI PEREIRA            RUA BARINEL - 72 - JARDIM COTCHING - SAO            03462130                                                            000077
2SR. CAIXA, APOS O VENCIMENTO COBRAR 2% DE MULTA                                 NAO RECEBER APOS 30 DIAS DO VENCIMENTO.                                                                                                                                                                                                         11022000000000000001102200000000000000       0090339900006270282907022011000078
100000000000000000000009033990000627000000000000000000000000010002020028290702202P00000000002            2  01282907022026022000000001691240000000001N110220000000000000000000000000000000000000000000000000000000000000000100028290719809VANESSA GIANGARRELLI PEREIRA            RUA BARINEL - 72 - JARDIM COTCHING - SAO            03462130                                                            000080
2SR. CAIXA, APOS O VENCIMENTO COBRAR 2% DE MULTA                                 NAO RECEBER APOS 30 DIAS DO VENCIMENTO.                                                                                                                                                                                                         11022000000000000001102200000000000000       009033990000627028290702202P000081
100000000000000000000009033990000627000000000000000000000000010002020087573002201700000000002            2  01875730022026022000000001846830000000001N110220000000000000000000000000000000000000000000000000000000000000000100087573059604VANDERLEY DE ASSIS                      RUA ROMEU ALBANI - 268 - JARDIM PARQUE R            13803810                                                            000083
2SR. CAIXA, APOS O VENCIMENTO COBRAR 2% DE MULTA                                 NAO RECEBER APOS 30 DIAS DO VENCIMENTO.                                                                                                                                                                                                         11022000000000000001102200000000000000       0090339900006270875730022017000084
100000000000000000000009033990000627000000000000000000000000010002020010825502201400000000002            2  01108255022026022000000001927280000000001N110220000000000000000000000000000000000000000000000000000000000000000100010825513847JOSE APARECIDO PEREIRA                  RUA GENERAL OSORIO - 305 - JARDIM TRINTA            11515130                                                            000086
2SR. CAIXA, APOS O VENCIMENTO COBRAR 2% DE MULTA                                 NAO RECEBER APOS 30 DIAS DO VENCIMENTO.                                                                                                                                                                                                         11022000000000000001102200000000000000       0090339900006270108255022014000087
100000000000000000000009033990000627000000000000000000000000010002020038818502201400000000002            2  01388185022026022000000001960220000000001N110220000000000000000000000000000000000000000000000000000000000000000100038818572814MAURICIUS ALEXANDRE ESTEVAM NABOR       RUA JOSE CALIXTO DO CARMO - 286 AP.25 -             11702690                                                            000089
2SR. CAIXA, APOS O VENCIMENTO COBRAR 2% DE MULTA                                 NAO RECEBER APOS 30 DIAS DO VENCIMENTO.                                                                                                                                                                                                         11022000000000000001102200000000000000       0090339900006270388185022014000090
100000000000000000000009033990000627000000000000000000000000010002020039115102201600000000002            2  01391151022026022000000002375690000000001N110220000000000000000000000000000000000000000000000000000000000000000100039115139840LAIS CRISTINA RIBEIRO ANDO              RUA JOSE CALIXTO DO CARMO - 286 AP.65 -             11702690                                                            000092
2SR. CAIXA, APOS O VENCIMENTO COBRAR 2% DE MULTA                                 NAO RECEBER APOS 30 DIAS DO VENCIMENTO.                                                                                                                                                                                                         11022000000000000001102200000000000000       0090339900006270391151022016000093
100000000000000000000009033990000627000000000000000000000000010002020029617502201400000000002            2  01296175022024022000000002656610000000001N110220000000000000000000000000000000000000000000000000000000000000000100029617510553MARILENE SOUZA DE OLIVEIRA              AVENIDA BRASIL - 393 AP.09 - PARQUE DAS             09210280                                                            000095
2SR. CAIXA, APOS O VENCIMENTO COBRAR 2% DE MULTA                                 NAO RECEBER APOS 30 DIAS DO VENCIMENTO.                                                                                                                                                                                                         11022000000000000001102200000000000000       0090339900006270296175022014000096
100000000000000000000009033990000627000000000000000000000000010002020000593202201400000000002            2  01005932022024022000000002913640000000001N110220000000000000000000000000000000000000000000000000000000000000000100000593293860WALTER HELIO BARBOSA FILHO              AVENIDA ANTONIO FREDERICO OZANAN - 9500             13214206                                                            000098
2SR. CAIXA, APOS O VENCIMENTO COBRAR 2% DE MULTA                                 NAO RECEBER APOS 30 DIAS DO VENCIMENTO.                                                                                                                                                                                                         11022000000000000001102200000000000000       0090339900006270005932022014000099
100000000000000000000009033990000627000000000000000000000000010002020007730002201P00000000002            2  01077300022024022000000004143480000000001N110220000000000000000000000000000000000000000000000000000000000000000100007730084899ARNALDO LUIZ VONO                       RUA CARLOS JOSE BORSTENS - 50 AP.122 - A            11702750                                                            000101
2SR. CAIXA, APOS O VENCIMENTO COBRAR 2% DE MULTA                                 NAO RECEBER APOS 30 DIAS DO VENCIMENTO.                                                                                                                                                                                                         11022000000000000001102200000000000000       009033990000627007730002201P000102
100000000000000000000009033990000627000000000000000000000000010002020065584102201600000000002            2  01655841022024022000000001529500000000001N110220000000000000000000000000000000000000000000000000000000000000000100065584147834JOAQUIM DA COSTA MACHADO NETO           RUA CARLOS JOSE BORSTENS - 50 AP.42 - AV            11702750                                                            000104
2SR. CAIXA, APOS O VENCIMENTO COBRAR 2% DE MULTA                                 NAO RECEBER APOS 30 DIAS DO VENCIMENTO.                                                                                                                                                                                                         11022000000000000001102200000000000000       0090339900006270655841022016000105
100000000000000000000009033990000627000000000000000000000000010002020065584102202400000000002            2  01655841022024022000000001529490000000001N110220000000000000000000000000000000000000000000000000000000000000000100065584147834JOAQUIM DA COSTA MACHADO NETO           RUA CARLOS JOSE BORSTENS - 50 AP.42 - AV            11702750                                                            000107
2SR. CAIXA, APOS O VENCIMENTO COBRAR 2% DE MULTA                                 NAO RECEBER APOS 30 DIAS DO VENCIMENTO.                                                                                                                                                                                                         11022000000000000001102200000000000000       0090339900006270655841022024000108
100000000000000000000009033990000627000000000000000000000000010002020001616902201800000000002            2  01016169022024022000000002689910000000001N110220000000000000000000000000000000000000000000000000000000000000000100001616913827CLAUDIO LUIZ PAULELLA                   PRACA NESTOR DOS SANTOS ARRUDA - 26 - VI            13920000                                                            000110
2SR. CAIXA, APOS O VENCIMENTO COBRAR 2% DE MULTA                                 NAO RECEBER APOS 30 DIAS DO VENCIMENTO.                                                                                                                                                                                                         11022000000000000001102200000000000000       0090339900006270016169022018000111
100000000000000000000009033990000627000000000000000000000000010002020006684602201900000000002            2  01066846022026022000000001957090000000001N110220000000000000000000000000000000000000000000000000000000000000000100006684623884LAUDINOR VIEIRA GARCIA                  RUA CANDIDO SALES - 374 - JARDIM PRESIDE            07172000                                                            000113
2SR. CAIXA, APOS O VENCIMENTO COBRAR 2% DE MULTA                                 NAO RECEBER APOS 30 DIAS DO VENCIMENTO.                                                                                                                                                                                                         11022000000000000001102200000000000000       0090339900006270066846022019000114
100000000000000000000009033990000627000000000000000000000000010002020011663502201P00000000002            2  01116635022026022000000001971200000000001N110220000000000000000000000000000000000000000000000000000000000000000100011663589844MARIA SAVIO QUARELLO                    AVENIDA MENDONCA DRUMOND - 321 - JARDIM             03524030                                                            000116
2SR. CAIXA, APOS O VENCIMENTO COBRAR 2% DE MULTA                                 NAO RECEBER APOS 30 DIAS DO VENCIMENTO.                                                                                                                                                                                                         11022000000000000001102200000000000000       009033990000627011663502201P000117
100000000000000000000009033990000627000000000000000000000000010002020010083802201100000000002            2  01100838022026022000000001904490000000001N110220000000000000000000000000000000000000000000000000000000000000000100010083824855IONE FERREIRA COUTO DA SILVA            RUA JOSE RAGEL DE MESQUITA - 60 CS.01 -             07799999                                                            000119
2SR. CAIXA, APOS O VENCIMENTO COBRAR 2% DE MULTA                                 NAO RECEBER APOS 30 DIAS DO VENCIMENTO.                                                                                                                                                                                                         11022000000000000001102200000000000000       0090339900006270100838022011000120
100000000000000000000009033990000627000000000000000000000000010002020036881702201400000000002            2  01368817022026022000000001868930000000001N110220000000000000000000000000000000000000000000000000000000000000000100036881778864ANDRE GONZALEZ RABELLO                  RUA PARAIBA - 106 AP.61 - POMPEIA - SANT            11065470                                                            000122
2SR. CAIXA, APOS O VENCIMENTO COBRAR 2% DE MULTA                                 NAO RECEBER APOS 30 DIAS DO VENCIMENTO.                                                                                                                                                                                                         11022000000000000001102200000000000000       0090339900006270368817022014000123
100000000000000000000009033990000627000000000000000000000000010002020018207002201300000000002            2  01182070022024022000000002576150000000001N110220000000000000000000000000000000000000000000000000000000000000000100018207096802ROBERTO VALENTE TAVARES                 RUA SEBASTIAO GOMES - 218 - JARDIM SANTO            13835000                                                            000125
2SR. CAIXA, APOS O VENCIMENTO COBRAR 2% DE MULTA                                 NAO RECEBER APOS 30 DIAS DO VENCIMENTO.                                                                                                                                                                                                         11022000000000000001102200000000000000       0090339900006270182070022013000126
100000000000000000000009033990000627000000000000000000000000010002020005351002201600000000002            2  01053510022026022000000006333680000000001N110220000000000000000000000000000000000000000000000000000000000000000100005351015897VALERIA ALVES MARCOLINO HINNIGER        RUA MONGOLIA - 230 AP.71 BL.4 - PARQUE N            09280220                                                            000128
2SR. CAIXA, APOS O VENCIMENTO COBRAR 2% DE MULTA                                 NAO RECEBER APOS 30 DIAS DO VENCIMENTO.                                                                                                                                                                                                         11022000000000000001102200000000000000       0090339900006270053510022016000129
100000000000000000000009033990000627000000000000000000000000010002020005351002202400000000002            2  01053510022026022000000001752320000000001N110220000000000000000000000000000000000000000000000000000000000000000100005351015897VALERIA ALVES MARCOLINO HINNIGER        RUA MONGOLIA - 230 AP.71 BL.4 - PARQUE N            09280220                                                            000131
2SR. CAIXA, APOS O VENCIMENTO COBRAR 2% DE MULTA                                 NAO RECEBER APOS 30 DIAS DO VENCIMENTO.                                                                                                                                                                                                         11022000000000000001102200000000000000       0090339900006270053510022024000132
100000000000000000000009033990000627000000000000000000000000010002020031898702201100000000002            2  01318987022024022000000002787890000000001N110220000000000000000000000000000000000000000000000000000000000000000100031898775800ANITA MARTINS COLOMBO                   RUA CARLOS JOSE BORSTENS - 50 AP.115 - A            11702750                                                            000134
2SR. CAIXA, APOS O VENCIMENTO COBRAR 2% DE MULTA                                 NAO RECEBER APOS 30 DIAS DO VENCIMENTO.                                                                                                                                                                                                         11022000000000000001102200000000000000       0090339900006270318987022011000135
100000000000000000000009033990000627000000000000000000000000010002020037983402201100000000002            2  01379834022026022000000002058390000000001N110220000000000000000000000000000000000000000000000000000000000000000100037983484801JOSE ERIVALDO SOUZA DO NASCIMENTO RAMOS RUA LETICIA - 250 - JARDIM GUARUJA - SAO            05877260                                                            000137
2SR. CAIXA, APOS O VENCIMENTO COBRAR 2% DE MULTA                                 NAO RECEBER APOS 30 DIAS DO VENCIMENTO.                                                                                                                                                                                                         11022000000000000001102200000000000000       0090339900006270379834022011000138
100000000000000000000009033990000627000000000000000000000000010002020056289202201200000000002            2  01562892022026022000000001555010000000001N110220000000000000000000000000000000000000000000000000000000000000000100056289286900PEDRO RIBEIRO                           RUA CONEGO MANOEL VAZ - 48 - SANTANA - S            02019050                                                            000140
2SR. CAIXA, APOS O VENCIMENTO COBRAR 2% DE MULTA                                 NAO RECEBER APOS 30 DIAS DO VENCIMENTO.                                                                                                                                                                                                         11022000000000000001102200000000000000       0090339900006270562892022012000141
100000000000000000000009033990000627000000000000000000000000010002020005025502201600000000002            2  01050255022026022000000002212950000000001N110220000000000000000000000000000000000000000000000000000000000000000100005025595860CONCEICAO APARECIDA DE MESQUITA PEREIRA RUA TRIUNFO - 835 AP.105 - JARDIM SAO LU            14020670                                                            000143
2SR. CAIXA, APOS O VENCIMENTO COBRAR 2% DE MULTA                                 NAO RECEBER APOS 30 DIAS DO VENCIMENTO.                                                                                                                                                                                                         11022000000000000001102200000000000000       0090339900006270050255022016000144
100000000000000000000009033990000627000000000000000000000000010002020034735302201900000000002            2  01347353022026022000000002134150000000001N110220000000000000000000000000000000000000000000000000000000000000000100034735328866DIEGO FELIPE MOLINA DA SILVA E SOUSA    RUA EMILIA PAULISTA - 135 - VILA TIRADEN            05364020                                                            000146
2SR. CAIXA, APOS O VENCIMENTO COBRAR 2% DE MULTA                                 NAO RECEBER APOS 30 DIAS DO VENCIMENTO.                                                                                                                                                                                                         11022000000000000001102200000000000000       0090339900006270347353022019000147
100000000000000000000009033990000627000000000000000000000000010002020076175602201P00000000002            2  01761756022024022000000003868980000000001N110220000000000000000000000000000000000000000000000000000000000000000100076175685687GILMAR DE OLIVEIRA BRAGA                RUA MARACAJU - 161 AP.202 - NOVA GRANADA            30431350                                                            000149
2SR. CAIXA, APOS O VENCIMENTO COBRAR 2% DE MULTA                                 NAO RECEBER APOS 30 DIAS DO VENCIMENTO.                                                                                                                                                                                                         11022000000000000001102200000000000000       009033990000627076175602201P000150
100000000000000000000009033990000627000000000000000000000000010002020034812202201200000000002            2  01348122022024022000000003689890000000001N110220000000000000000000000000000000000000000000000000000000000000000100034812226880THAIS TORQUATO MIMOSO DE JESUS          RUA ARNALDO CINTRA - 416 AP.104 TORRE 2             03088000                                                            000152
2SR. CAIXA, APOS O VENCIMENTO COBRAR 2% DE MULTA                                 NAO RECEBER APOS 30 DIAS DO VENCIMENTO.                                                                                                                                                                                                         11022000000000000001102200000000000000       0090339900006270348122022012000153
100000000000000000000009033990000627000000000000000000000000010002020012849402201900000000002            2  01128494022026022000000003676610000000001N110220000000000000000000000000000000000000000000000000000000000000000100012849428809MOISES CLAUDIO DO ROSARIO               AVENIDA DR. AUGUSTO DE TOLEDO - 510 AP.1            09541520                                                            000155
2SR. CAIXA, APOS O VENCIMENTO COBRAR 2% DE MULTA                                 NAO RECEBER APOS 30 DIAS DO VENCIMENTO.                                                                                                                                                                                                         11022000000000000001102200000000000000       0090339900006270128494022019000156
100000000000000000000009033990000627000000000000000000000000010002020015702302201900000000002            2  01157023022026022000000002039860000000001N110220000000000000000000000000000000000000000000000000000000000000000100015702353846MARIA DE LOURDES DE MACENO SOUZA        RUA JOSE CALIXTO DO CARMO - 286 AP.83 -             11702690                                                            000158
2SR. CAIXA, APOS O VENCIMENTO COBRAR 2% DE MULTA                                 NAO RECEBER APOS 30 DIAS DO VENCIMENTO.                                                                                                                                                                                                         11022000000000000001102200000000000000       0090339900006270157023022019000159
100000000000000000000009033990000627000000000000000000000000010002020006749702201000000000002            2  01067497022023022000000001980280000000001N110220000000000000000000000000000000000000000000000000000000000000000100006749731600MARCELA DA ROCHA REIS                   RUA COLOMBIA - 665 AP.1204 - JARDIM GUIL            11702020                                                            000161
2SR. CAIXA, APOS O VENCIMENTO COBRAR 2% DE MULTA                                 NAO RECEBER APOS 30 DIAS DO VENCIMENTO.                                                                                                                                                                                                         11022000000000000001102200000000000000       0090339900006270067497022010000162
100000000000000000000009033990000627000000000000000000000000010002020006749702202900000000002            2  01067497022023022000000001980270000000001N110220000000000000000000000000000000000000000000000000000000000000000100006749731600MARCELA DA ROCHA REIS                   RUA COLOMBIA - 665 AP.1204 - JARDIM GUIL            11702020                                                            000164
2SR. CAIXA, APOS O VENCIMENTO COBRAR 2% DE MULTA                                 NAO RECEBER APOS 30 DIAS DO VENCIMENTO.                                                                                                                                                                                                         11022000000000000001102200000000000000       0090339900006270067497022029000165
100000000000000000000009033990000627000000000000000000000000010002020003658602201300000000002            2  01036586022026022000000001518880000000001N110220000000000000000000000000000000000000000000000000000000000000000100003658668814MARINEZ VALENTIN                        RUA JOSE CALIXTO DO CARMO - 286 AP.95 -             11702690                                                            000167
2SR. CAIXA, APOS O VENCIMENTO COBRAR 2% DE MULTA                                 NAO RECEBER APOS 30 DIAS DO VENCIMENTO.                                                                                                                                                                                                         11022000000000000001102200000000000000       0090339900006270036586022013000168
100000000000000000000009033990000627000000000000000000000000010002020014087402201100000000002            2  01140874022026022000000002029850000000001N110220000000000000000000000000000000000000000000000000000000000000000100014087484874SERGIO SANTOS DO NASCIMENTO             RUA PANTALEAO BRAZ - 21 - JARDIM ESTER -            05372080                                                            000170
2SR. CAIXA, APOS O VENCIMENTO COBRAR 2% DE MULTA                                 NAO RECEBER APOS 30 DIAS DO VENCIMENTO.                                                                                                                                                                                                         11022000000000000001102200000000000000       0090339900006270140874022011000171
100000000000000000000009033990000627000000000000000000000000010002020039540002201900000000002            2  01395400022026022000000001838730000000001N110220000000000000000000000000000000000000000000000000000000000000000100039540008816LUZINETE CLARINDO SILVA                 RUA DEINOS - 275 - BAIRRO CIDADE SATELIT            08340100                                                            000173
2SR. CAIXA, APOS O VENCIMENTO COBRAR 2% DE MULTA                                 NAO RECEBER APOS 30 DIAS DO VENCIMENTO.                                                                                                                                                                                                         11022000000000000001102200000000000000       0090339900006270395400022019000174
100000000000000000000009033990000627000000000000000000000000010002020005723202201300000000002            2  01057232022023022000000002588940000000001N110220000000000000000000000000000000000000000000000000000000000000000100005723255843FRANCISCO DE ASSIS DA SILVA             PRACA NICOLAU GERAIGIRE - 25 VISOR - JAR            11095110                                                            000176
2SR. CAIXA, APOS O VENCIMENTO COBRAR 2% DE MULTA                                 NAO RECEBER APOS 30 DIAS DO VENCIMENTO.                                                                                                                                                                                                         11022000000000000001102200000000000000       0090339900006270057232022013000177
9                                                                                                                                                                                                                                                                                                                                                                                                         000178