01REMESSA01COBRANCA       00000000000004991781AIRES CONSTRUTORA E INCORPORAD237BRADESCO       050520        MX0000141                                                                                                                                                                                                                                                                                     000001
100000000000000000000009077090006612500000000000000000000000010002100001224505201500000000002            2  01012245052025052000000003813550000000001N050520000000000000000000000000000000000000000000000000000000000000000100001224509579REINALDO JUNIOR MARTINS DE ABREU        AVENIDA INTERLAGOS - 6485 SALA 6 - INTER            04777000                                                            000002
2SR. CAIXA, APOS O VENCIMENTO COBRAR 10% DE MULTA                                NAO RECEBER APOS 30 DIAS DO VENCIMENTO.                                                                                                                                                                                                         05052000000000000000505200000000000000       0090770900066125012245052015000003
100000000000000000000009077090006612500000000000000000000000010002100016338905201800000000002            2  01163389052025052000000003762760000000001N050520000000000000000000000000000000000000000000000000000000000000000100016338929806EDVALDO DA SILVA ANDRADE                RUA ARIA - 434 - PARQUE ALVES DE LIMA -             04902170                                                            000005
2SR. CAIXA, APOS O VENCIMENTO COBRAR 10% DE MULTA                                NAO RECEBER APOS 30 DIAS DO VENCIMENTO.                                                                                                                                                                                                         05052000000000000000505200000000000000       0090770900066125163389052018000006
100000000000000000000009077090006612500000000000000000000000010002100026836905201800000000002            2  01268369052025052000000003407460000000001N050520000000000000000000000000000000000000000000000000000000000000000100026836908860VANDERLEI FIGUEIREDO DE CARVALHO        RUA SANTO ANTONIO DE PADUA - 213 BLOCO 3            11717070                                                            000008
2SR. CAIXA, APOS O VENCIMENTO COBRAR 10% DE MULTA                                NAO RECEBER APOS 30 DIAS DO VENCIMENTO.                                                                                                                                                                                                         05052000000000000000505200000000000000       0090770900066125268369052018000009
100000000000000000000009077090006612500000000000000000000000010002100029380705201200000000002            2  01293807052025052000000003407660000000001N050520000000000000000000000000000000000000000000000000000000000000000100029380708882EDUARDO MENDONCA DAMASCENO              RUA MONTE CASTELO - 296 AP.12 - AVIACAO             11702720                                                            000011
2SR. CAIXA, APOS O VENCIMENTO COBRAR 10% DE MULTA                                NAO RECEBER APOS 30 DIAS DO VENCIMENTO.                                                                                                                                                                                                         05052000000000000000505200000000000000       0090770900066125293807052012000012
100000000000000000000009077090006612500000000000000000000000010002100023988505201600000000002            2  01239885052025052000000003460080000000001N050520000000000000000000000000000000000000000000000000000000000000000100023988525634DALMY PIMENTA                           SAO CAETANO - 136 - VILA SAO VICENTE - U            38026220                                                            000014
2SR. CAIXA, APOS O VENCIMENTO COBRAR 10% DE MULTA                                NAO RECEBER APOS 30 DIAS DO VENCIMENTO.                                                                                                                                                                                                         05052000000000000000505200000000000000       0090770900066125239885052016000015
100000000000000000000009077090006612500000000000000000000000010002100004735205201800000000002            2  01047352052025052000000003762040000000001N050520000000000000000000000000000000000000000000000000000000000000000100004735273832DARIO LUIZ GONCALVES                    RUA MONTE CASTELO - 295 AP.113 - AVIACAO            11702720                                                            000017
2SR. CAIXA, APOS O VENCIMENTO COBRAR 10% DE MULTA                                NAO RECEBER APOS 30 DIAS DO VENCIMENTO.                                                                                                                                                                                                         05052000000000000000505200000000000000       0090770900066125047352052018000018
100000000000000000000009077090006612500000000000000000000000010002100007635205201800000000002            2  01076352052025052000000003363490000000001N050520000000000000000000000000000000000000000000000000000000000000000100007635293893SILVIO CARDOSO ZACARIAS                 RUA SOLIDONIO LEITE - 2718 AP.102 BLOCO             03275000                                                            000020
2SR. CAIXA, APOS O VENCIMENTO COBRAR 10% DE MULTA                                NAO RECEBER APOS 30 DIAS DO VENCIMENTO.                                                                                                                                                                                                         05052000000000000000505200000000000000       0090770900066125076352052018000021
100000000000000000000009077090006612500000000000000000000000010002100007975905201100000000002            2  01079759052025052000000003659300000000001N050520000000000000000000000000000000000000000000000000000000000000000100007975958808JOCY VIGNADO                            RUA PEDRO GONCALVES SOBRINHO - 568 - PAR            13098641                                                            000023
2SR. CAIXA, APOS O VENCIMENTO COBRAR 10% DE MULTA                                NAO RECEBER APOS 30 DIAS DO VENCIMENTO.                                                                                                                                                                                                         05052000000000000000505200000000000000       0090770900066125079759052011000024
100000000000000000000009077090006612500000000000000000000000010002100036386805201300000000002            2  01363868052025052000000003864760000000001N050520000000000000000000000000000000000000000000000000000000000000000100036386861833ALINE LEE WEI DE SOUZA                  AV. PRES.CASTELO BRANCO - 9127 AP.251 BL            11704600                                                            000026
2SR. CAIXA, APOS O VENCIMENTO COBRAR 10% DE MULTA                                NAO RECEBER APOS 30 DIAS DO VENCIMENTO.                                                                                                                                                                                                         05052000000000000000505200000000000000       0090770900066125363868052013000027
100000000000000000000009077090006612500000000000000000000000010002100075759405201P00000000002            2  01757594052025052000000002752950000000001N050520000000000000000000000000000000000000000000000000000000000000000100075759446800VALTER MUTAFEI                          RUA MONTE CASTELO - 295 AP.54 - AVIACAO             11702720                                                            000029
2SR. CAIXA, APOS O VENCIMENTO COBRAR 10% DE MULTA                                NAO RECEBER APOS 30 DIAS DO VENCIMENTO.                                                                                                                                                                                                         05052000000000000000505200000000000000       009077090006612575759405201P000030
100000000000000000000009077090006612500000000000000000000000010002100023132605201300000000002            2  01231326052025052000000002136490000000001N050520000000000000000000000000000000000000000000000000000000000000000100023132672882LEANDRO MORENO                          RUA MONTE CASTELO - 296 AP.64 - AVIACAO             11702720                                                            000032
2SR. CAIXA, APOS O VENCIMENTO COBRAR 10% DE MULTA                                NAO RECEBER APOS 30 DIAS DO VENCIMENTO.                                                                                                                                                                                                         05052000000000000000505200000000000000       0090770900066125231326052013000033
100000000000000000000009077090006612500000000000000000000000010002100099264605201200000000002            2  01992646052025052000000003643600000000001N050520000000000000000000000000000000000000000000000000000000000000000100099264692800LEONTINO PINHEIRO DA SILVA              AVENIDA JOAO BATISTA FITIPALDI - 469 - V            08685000                                                            000035
2SR. CAIXA, APOS O VENCIMENTO COBRAR 10% DE MULTA                                NAO RECEBER APOS 30 DIAS DO VENCIMENTO.                                                                                                                                                                                                         05052000000000000000505200000000000000       0090770900066125992646052012000036
100000000000000000000009077090006612500000000000000000000000010002100000666305201300000000002            2  01006663052025052000000003515060000000001N050520000000000000000000000000000000000000000000000000000000000000000100000666344825LUIZ HENRIQUE DE CAMPOS                 RUA JOAO CARLOS CAVALCANTI REIS - 21 - J            02281206                                                            000038
2SR. CAIXA, APOS O VENCIMENTO COBRAR 10% DE MULTA                                NAO RECEBER APOS 30 DIAS DO VENCIMENTO.                                                                                                                                                                                                         05052000000000000000505200000000000000       0090770900066125006663052013000039
100000000000000000000009077090006612500000000000000000000000010002100029155005201300000000002            2  01291550052025052000000003712040000000001N050520000000000000000000000000000000000000000000000000000000000000000100029155026842DANIELA YOSHIDA                         RUA MONTE CASTELO - 262 AP.34 - AVIACAO             11702720                                                            000041
2SR. CAIXA, APOS O VENCIMENTO COBRAR 10% DE MULTA                                NAO RECEBER APOS 30 DIAS DO VENCIMENTO.                                                                                                                                                                                                         05052000000000000000505200000000000000       0090770900066125291550052013000042
100000000000000000000009077090006612500000000000000000000000010002100001204405201700000000002            2  01012044052025052000000003022940000000001N050520000000000000000000000000000000000000000000000000000000000000000100001204431809CEZAR TALAVERA JUNIOR                   RUA MAESTRO ARTURO DE ANGELIS  - 190 AP.            05139010                                                            000044
2SR. CAIXA, APOS O VENCIMENTO COBRAR 10% DE MULTA                                NAO RECEBER APOS 30 DIAS DO VENCIMENTO.                                                                                                                                                                                                         05052000000000000000505200000000000000       0090770900066125012044052017000045
100000000000000000000009077090006612500000000000000000000000010002100004227505201600000000002            2  01042275052025052000000003918630000000001N050520000000000000000000000000000000000000000000000000000000000000000100004227553970ALESSANDRO ISRAEL GOULART               RUA PROFESSORA CARLINDA RIBEIRO - 21 - F            02866200                                                            000047
2SR. CAIXA, APOS O VENCIMENTO COBRAR 10% DE MULTA                                NAO RECEBER APOS 30 DIAS DO VENCIMENTO.                                                                                                                                                                                                         05052000000000000000505200000000000000       0090770900066125042275052016000048
100000000000000000000009077090006612500000000000000000000000010002100060811405201P00000000002            2  01608114052025052000000003611460000000001N050520000000000000000000000000000000000000000000000000000000000000000100060811420868HELIO BASSI                             AV.PARIS,575 - PRACA ANTONIO FIGUEROA -             11700082                                                            000050
2SR. CAIXA, APOS O VENCIMENTO COBRAR 10% DE MULTA                                NAO RECEBER APOS 30 DIAS DO VENCIMENTO.                                                                                                                                                                                                         05052000000000000000505200000000000000       009077090006612560811405201P000051
100000000000000000000009077090006612500000000000000000000000010002100001024705201P00000000002            2  01010247052025052000000003417410000000001N050520000000000000000000000000000000000000000000000000000000000000000100001024794881CLAUDIO RODRIGUES                       RUA ARACATUBA - 242 - LAPA - SAO PAULO -            05058010                                                            000053
2SR. CAIXA, APOS O VENCIMENTO COBRAR 10% DE MULTA                                NAO RECEBER APOS 30 DIAS DO VENCIMENTO.                                                                                                                                                                                                         05052000000000000000505200000000000000       009077090006612501024705201P000054
100000000000000000000009077090006612500000000000000000000000010002100002225005201000000000002            2  01022250052025052000000005239350000000001N050520000000000000000000000000000000000000000000000000000000000000000100002225072841PEDRO EDUARDO DE AZEVEDO                RUA NATH ZILMAN - 46 - JARDIM SAMAMBAIA             07623085                                                            000056
2SR. CAIXA, APOS O VENCIMENTO COBRAR 10% DE MULTA                                NAO RECEBER APOS 30 DIAS DO VENCIMENTO.                                                                                                                                                                                                         05052000000000000000505200000000000000       0090770900066125022250052010000057
100000000000000000000009077090006612500000000000000000000000010002100022037505201900000000002            2  01220375052025052000000003646010000000001N050520000000000000000000000000000000000000000000000000000000000000000100022037552882ANDREIA CRISTINA FERNANDES DANTAS       PCA CASTRO ALVES - 163 AP.33 - VILA SAO             13224299                                                            000059
2SR. CAIXA, APOS O VENCIMENTO COBRAR 10% DE MULTA                                NAO RECEBER APOS 30 DIAS DO VENCIMENTO.                                                                                                                                                                                                         05052000000000000000505200000000000000       0090770900066125220375052019000060
100000000000000000000009077090006612500000000000000000000000010002100019288705201700000000002            2  01192887052025052000000002968670000000001N050520000000000000000000000000000000000000000000000000000000000000000100019288787844EMERSON LUIZ MARTINEZ PEREIRA           RUA MONTE CASTELO - 296 AP.74 - AVIACAO             11702720                                                            000062
2SR. CAIXA, APOS O VENCIMENTO COBRAR 10% DE MULTA                                NAO RECEBER APOS 30 DIAS DO VENCIMENTO.                                                                                                                                                                                                         05052000000000000000505200000000000000       0090770900066125192887052017000063
100000000000000000000009077090006612500000000000000000000000010002100027198405201000000000002            2  01271984052025052000000002514620000000001N050520000000000000000000000000000000000000000000000000000000000000000100027198452809CRISTIANE AURELIANO DA SILVA MAIA       RUA MONTE CASTELO - 262 AP.25 - AVIACAO             11702720                                                            000065
2SR. CAIXA, APOS O VENCIMENTO COBRAR 10% DE MULTA                                NAO RECEBER APOS 30 DIAS DO VENCIMENTO.                                                                                                                                                                                                         05052000000000000000505200000000000000       0090770900066125271984052010000066
100000000000000000000009077090006612500000000000000000000000010002100021246205201400000000002            2  01212462052025052000000003068860000000001N050520000000000000000000000000000000000000000000000000000000000000000100021246231840ALEXANDRO DA CUNHA MIGUES               RUA DULCE - 71  - VILA CARRAO - SAO PAUL            03427040                                                            000068
2SR. CAIXA, APOS O VENCIMENTO COBRAR 10% DE MULTA                                NAO RECEBER APOS 30 DIAS DO VENCIMENTO.                                                                                                                                                                                                         05052000000000000000505200000000000000       0090770900066125212462052014000069
100000000000000000000009077090006612500000000000000000000000010002100018470505201400000000002            2  01184705052025052000000004514730000000001N050520000000000000000000000000000000000000000000000000000000000000000100018470520881SILVANA ALVES DE OLIVEIRA               RUA MONTE CASTELO - 262 AP.91 - AVIACAO             11702720                                                            000071
2SR. CAIXA, APOS O VENCIMENTO COBRAR 10% DE MULTA                                NAO RECEBER APOS 30 DIAS DO VENCIMENTO.                                                                                                                                                                                                         05052000000000000000505200000000000000       0090770900066125184705052014000072
100000000000000000000009077090006612500000000000000000000000010002100009297505201400000000002            2  01092975052025052000000003143110000000001N050520000000000000000000000000000000000000000000000000000000000000000100009297523846MARCOS ROBERTO DE CASTRO FERREIRA       RUA MONTE CASTELO - 262 AP.105 - AVIACAO            11702720                                                            000074
2SR. CAIXA, APOS O VENCIMENTO COBRAR 10% DE MULTA                                NAO RECEBER APOS 30 DIAS DO VENCIMENTO.                                                                                                                                                                                                         05052000000000000000505200000000000000       0090770900066125092975052014000075
100000000000000000000009077090006612500000000000000000000000010002100001164105201300000000002            2  01011641052025052000000003895020000000001N050520000000000000000000000000000000000000000000000000000000000000000100001164158864DAVID BLEY LACERDA                      RUA CONEGO ARAUJO MARCONDES - 188 - BAIR            02550080                                                            000077
2SR. CAIXA, APOS O VENCIMENTO COBRAR 10% DE MULTA                                NAO RECEBER APOS 30 DIAS DO VENCIMENTO.                                                                                                                                                                                                         05052000000000000000505200000000000000       0090770900066125011641052013000078
100000000000000000000009077090006612500000000000000000000000010002100031498005201700000000002            2  01314980052025052000000004733830000000001N050520000000000000000000000000000000000000000000000000000000000000000100031498008895POLIANE  SIBELE DA SILVA                PRACA GENERAL COSTA BARRETO - 56 AP.181             03325070                                                            000080
2SR. CAIXA, APOS O VENCIMENTO COBRAR 10% DE MULTA                                NAO RECEBER APOS 30 DIAS DO VENCIMENTO.                                                                                                                                                                                                         05052000000000000000505200000000000000       0090770900066125314980052017000081
100000000000000000000009077090006612500000000000000000000000010002100000588105201000000000002            2  01005881052025052000000002776490000000001N050520000000000000000000000000000000000000000000000000000000000000000100000588109860JOSE LIARTE GIANTE                      AVENIDA LUIZ GONZAGA DO AMARAL - 143 - J            09320630                                                            000083
2SR. CAIXA, APOS O VENCIMENTO COBRAR 10% DE MULTA                                NAO RECEBER APOS 30 DIAS DO VENCIMENTO.                                                                                                                                                                                                         05052000000000000000505200000000000000       0090770900066125005881052010000084
100000000000000000000009077090006612500000000000000000000000010002100014386805201300000000002            2  01143868052025052000000002221070000000001N050520000000000000000000000000000000000000000000000000000000000000000100014386860134SEVERINO CARLOS DE OLIVEIRA             RUA MONTE CASTELO - 262 AP.54 - AVIACAO             11702720                                                            000086
2SR. CAIXA, APOS O VENCIMENTO COBRAR 10% DE MULTA                                NAO RECEBER APOS 30 DIAS DO VENCIMENTO.                                                                                                                                                                                                         05052000000000000000505200000000000000       0090770900066125143868052013000087
100000000000000000000009077090006612500000000000000000000000010002100039393705201900000000002            2  01393937052025052000000001530780000000001N050520000000000000000000000000000000000000000000000000000000000000000100039393790850NAIRON RICARDO DE ARAUJO SANTOS         RUA NITEROI - 267 CASA 04 - JARDIM INDEP            11380350                                                            000089
2SR. CAIXA, APOS O VENCIMENTO COBRAR 10% DE MULTA                                NAO RECEBER APOS 30 DIAS DO VENCIMENTO.                                                                                                                                                                                                         05052000000000000000505200000000000000       0090770900066125393937052019000090
100000000000000000000009077090006612500000000000000000000000010002100041896805201P00000000002            2  01418968052025052000000002229330000000001N050520000000000000000000000000000000000000000000000000000000000000000100041896807968SERGIO ROBERTO DA SILVA                 RUA DOS INGLESES - 542 AP.61 - MORRO DOS            01329000                                                            000092
2SR. CAIXA, APOS O VENCIMENTO COBRAR 10% DE MULTA                                NAO RECEBER APOS 30 DIAS DO VENCIMENTO.                                                                                                                                                                                                         05052000000000000000505200000000000000       009077090006612541896805201P000093
9                                                                                                                                                                                                                                                                                                                                                                                                         000094