01REMESSA01COBRANCA       00000000000004991781AIRES CONSTRUTORA E INCORPORAD237BRADESCO       100818        MX0000110                                                                                                                                                                                                                                                                                     000001
100000000000000000000009077090006612500000000000000000000000010002100001224508181300000000002            2  01012245081825081800000003434340000000001N100818000000000000000000000000000000000000000000000000000000000000000100001224509579REINALDO JUNIOR MARTINS DE ABREU        AVENIDA INTERLAGOS - 7.224 - INTERLAGOS             04777000                                                            000002
2SR. CAIXA, APOS O VENCIMENTO COBRAR 10% DE MULTA                                NAO RECEBER APOS 30 DIAS DO VENCIMENTO.                                                                                                                                                                                                         10081800000000000001008180000000000000       0090770900066125012245081813000003
100000000000000000000009077090006612500000000000000000000000010002100003325108181400000000002            2  01033251081825081800000003340120000000001N100818000000000000000000000000000000000000000000000000000000000000000100003325102808MARCOS DE OLIVEIRA JUNIOR               RUA LUIS NOVELLETO - 91 - PARQUE CONTINE            05324080                                                            000005
2SR. CAIXA, APOS O VENCIMENTO COBRAR 10% DE MULTA                                NAO RECEBER APOS 30 DIAS DO VENCIMENTO.                                                                                                                                                                                                         10081800000000000001008180000000000000       0090770900066125033251081814000006
100000000000000000000009077090006612500000000000000000000000010002100016338908181600000000002            2  01163389081825081800000003388600000000001N100818000000000000000000000000000000000000000000000000000000000000000100016338929806EDVALDO DA SILVA ANDRADE                RUA ARIA - 434 - PARQUE ALVES DE LIMA -             04902170                                                            000008
2SR. CAIXA, APOS O VENCIMENTO COBRAR 10% DE MULTA                                NAO RECEBER APOS 30 DIAS DO VENCIMENTO.                                                                                                                                                                                                         10081800000000000001008180000000000000       0090770900066125163389081816000009
100000000000000000000009077090006612500000000000000000000000010002100026836908181600000000002            2  01268369081825081800000003068620000000001N100818000000000000000000000000000000000000000000000000000000000000000100026836908860VANDERLEI FIGUEIREDO DE CARVALHO        RUA TUPI - 840 - VILA TUPI - PRAIA GRAND            11703260                                                            000011
2SR. CAIXA, APOS O VENCIMENTO COBRAR 10% DE MULTA                                NAO RECEBER APOS 30 DIAS DO VENCIMENTO.                                                                                                                                                                                                         10081800000000000001008180000000000000       0090770900066125268369081816000012
100000000000000000000009077090006612500000000000000000000000010002100059861508181200000000002            2  01598615081825081800000003408380000000001N100818000000000000000000000000000000000000000000000000000000000000000100059861576800REINALDO LOPES DE OLIVEIRA              RUA DA SERVIDAO - 40 - VILA ROSCHEL - SA            04891045                                                            000014
2SR. CAIXA, APOS O VENCIMENTO COBRAR 10% DE MULTA                                NAO RECEBER APOS 30 DIAS DO VENCIMENTO.                                                                                                                                                                                                         10081800000000000001008180000000000000       0090770900066125598615081812000015
100000000000000000000009077090006612500000000000000000000000010002100016330908181000000000002            2  01163309081825081800000003387740000000001N100818000000000000000000000000000000000000000000000000000000000000000100016330938830KARINA CORDEIRO PIASSA                  CONDE MOREIRA LIMA - 644 - JARDIM JABAQU            04384032                                                            000017
2SR. CAIXA, APOS O VENCIMENTO COBRAR 10% DE MULTA                                NAO RECEBER APOS 30 DIAS DO VENCIMENTO.                                                                                                                                                                                                         10081800000000000001008180000000000000       0090770900066125163309081810000018
100000000000000000000009077090006612500000000000000000000000010002100077027608181300000000002            2  01770276081825081800000003292620000000001N100818000000000000000000000000000000000000000000000000000000000000000100077027604868CLINEU LISSONI                          AVENIDA VILA EMA - 1100 AP.41 - VILA PRU            03156000                                                            000020
2SR. CAIXA, APOS O VENCIMENTO COBRAR 10% DE MULTA                                NAO RECEBER APOS 30 DIAS DO VENCIMENTO.                                                                                                                                                                                                         10081800000000000001008180000000000000       0090770900066125770276081813000021
100000000000000000000009077090006612500000000000000000000000010002100029380708181000000000002            2  01293807081825081800000003068800000000001N100818000000000000000000000000000000000000000000000000000000000000000100029380708882EDUARDO MENDONCA DAMASCENO              RUA MONTE CASTELO - 296 AP.12 - AVIACAO             11702720                                                            000023
2SR. CAIXA, APOS O VENCIMENTO COBRAR 10% DE MULTA                                NAO RECEBER APOS 30 DIAS DO VENCIMENTO.                                                                                                                                                                                                         10081800000000000001008180000000000000       0090770900066125293807081810000024
100000000000000000000009077090006612500000000000000000000000010002100023988508181400000000002            2  01239885081825081800000003116020000000001N100818000000000000000000000000000000000000000000000000000000000000000100023988525634DALMY PIMENTA                           SAO CAETANO - 136 - VILA SAO VICENTE - U            38026220                                                            000026
2SR. CAIXA, APOS O VENCIMENTO COBRAR 10% DE MULTA                                NAO RECEBER APOS 30 DIAS DO VENCIMENTO.                                                                                                                                                                                                         10081800000000000001008180000000000000       0090770900066125239885081814000027
100000000000000000000009077090006612500000000000000000000000010002100004735208181600000000002            2  01047352081825081800000003387940000000001N100818000000000000000000000000000000000000000000000000000000000000000100004735273832DARIO LUIZ GONCALVES                    RUA MONTE CASTELO - 295 AP.113 - AVIACAO            11702720                                                            000029
2SR. CAIXA, APOS O VENCIMENTO COBRAR 10% DE MULTA                                NAO RECEBER APOS 30 DIAS DO VENCIMENTO.                                                                                                                                                                                                         10081800000000000001008180000000000000       0090770900066125047352081816000030
100000000000000000000009077090006612500000000000000000000000010002100007635208181600000000002            2  01076352081825081800000003029020000000001N100818000000000000000000000000000000000000000000000000000000000000000100007635293893SILVIO CARDOSO ZACARIAS                 RUA SOLIDONIO LEITE - 2718 AP.102 BLOCO             03275000                                                            000032
2SR. CAIXA, APOS O VENCIMENTO COBRAR 10% DE MULTA                                NAO RECEBER APOS 30 DIAS DO VENCIMENTO.                                                                                                                                                                                                         10081800000000000001008180000000000000       0090770900066125076352081816000033
100000000000000000000009077090006612500000000000000000000000010002100067192908181600000000002            2  01671929081825081800000002965320000000001N100818000000000000000000000000000000000000000000000000000000000000000100067192920800SONIA MARIA RIBEIRO SUDO                RUA INGAZEIRA - 133 - SAO MIGUEL - SAO P            08032080                                                            000035
2SR. CAIXA, APOS O VENCIMENTO COBRAR 10% DE MULTA                                NAO RECEBER APOS 30 DIAS DO VENCIMENTO.                                                                                                                                                                                                         10081800000000000001008180000000000000       0090770900066125671929081816000036
100000000000000000000009077090006612500000000000000000000000010002100007975908181P00000000002            2  01079759081825081800000003295410000000001N100818000000000000000000000000000000000000000000000000000000000000000100007975958808JOCY VIGNADO                            RUA PEDRO GONCALVES SOBRINHO - 568 - PAR            13098641                                                            000038
2SR. CAIXA, APOS O VENCIMENTO COBRAR 10% DE MULTA                                NAO RECEBER APOS 30 DIAS DO VENCIMENTO.                                                                                                                                                                                                         10081800000000000001008180000000000000       009077090006612507975908181P000039
100000000000000000000009077090006612500000000000000000000000010002100036712508181200000000002            2  01367125081825081800000003081340000000001N100818000000000000000000000000000000000000000000000000000000000000000100036712580803WALTER BARRETO DE ALMEIDA               RUA MONTE CASTELO - 296 AP.44 - AVIACAO             11702720                                                            000041
2SR. CAIXA, APOS O VENCIMENTO COBRAR 10% DE MULTA                                NAO RECEBER APOS 30 DIAS DO VENCIMENTO.                                                                                                                                                                                                         10081800000000000001008180000000000000       0090770900066125367125081812000042
100000000000000000000009077090006612500000000000000000000000010002100036386808181100000000002            2  01363868081825081800000003480460000000001N100818000000000000000000000000000000000000000000000000000000000000000100036386861833ALINE LEE WEI DE SOUZA                  AV. PRES.CASTELO BRANCO - 9127 AP.251 BL            11704600                                                            000044
2SR. CAIXA, APOS O VENCIMENTO COBRAR 10% DE MULTA                                NAO RECEBER APOS 30 DIAS DO VENCIMENTO.                                                                                                                                                                                                         10081800000000000001008180000000000000       0090770900066125363868081811000045
100000000000000000000009077090006612500000000000000000000000010002100026187908181600000000002            2  01261879081825081800000003229750000000001N100818000000000000000000000000000000000000000000000000000000000000000100026187960807CARINA CANTACESSO DE SOUZA              RUA MONTE CASTELO - 296 AP.91 - AVIACAO             11702720                                                            000047
2SR. CAIXA, APOS O VENCIMENTO COBRAR 10% DE MULTA                                NAO RECEBER APOS 30 DIAS DO VENCIMENTO.                                                                                                                                                                                                         10081800000000000001008180000000000000       0090770900066125261879081816000048
100000000000000000000009077090006612500000000000000000000000010002100070465308181200000000002            2  01704653081825081800000003165910000000001N100818000000000000000000000000000000000000000000000000000000000000000100070465320953SIDNEY CARASKI                          RUA DR.CELSO PACHECO BENTIM - 502 - PARQ            03571020                                                            000050
2SR. CAIXA, APOS O VENCIMENTO COBRAR 10% DE MULTA                                NAO RECEBER APOS 30 DIAS DO VENCIMENTO.                                                                                                                                                                                                         10081800000000000001008180000000000000       0090770900066125704653081812000051
100000000000000000000009077090006612500000000000000000000000010002100075759408181800000000002            2  01757594081825081800000002479170000000001N100818000000000000000000000000000000000000000000000000000000000000000100075759446800VALTER MUTAFEI                          RUA MONTE CASTELO - 295 AP.54 - AVIACAO             11702720                                                            000053
2SR. CAIXA, APOS O VENCIMENTO COBRAR 10% DE MULTA                                NAO RECEBER APOS 30 DIAS DO VENCIMENTO.                                                                                                                                                                                                         10081800000000000001008180000000000000       0090770900066125757594081818000054
100000000000000000000009077090006612500000000000000000000000010002100070328708181600000000002            2  01703287081825081800000003542130000000001N100818000000000000000000000000000000000000000000000000000000000000000100070328706868VALTER LIMA FERNANDES                   RUA DOMINGOS JORGE VELHO - 52 - CENTRO -            06843550                                                            000056
2SR. CAIXA, APOS O VENCIMENTO COBRAR 10% DE MULTA                                NAO RECEBER APOS 30 DIAS DO VENCIMENTO.                                                                                                                                                                                                         10081800000000000001008180000000000000       0090770900066125703287081816000057
100000000000000000000009077090006612500000000000000000000000010002100023132608181100000000002            2  01231326081825081800000001924050000000001N100818000000000000000000000000000000000000000000000000000000000000000100023132672882LEANDRO MORENO                          RUA MONTE CASTELO - 296 AP.64 - AVIACAO             11702720                                                            000059
2SR. CAIXA, APOS O VENCIMENTO COBRAR 10% DE MULTA                                NAO RECEBER APOS 30 DIAS DO VENCIMENTO.                                                                                                                                                                                                         10081800000000000001008180000000000000       0090770900066125231326081811000060
100000000000000000000009077090006612500000000000000000000000010002100099264608181000000000002            2  01992646081825081800000003281270000000001N100818000000000000000000000000000000000000000000000000000000000000000100099264692800LEONTINO PINHEIRO DA SILVA              AVENIDA JOAO BATISTA FITIPALDI - 469 - V            08685000                                                            000062
2SR. CAIXA, APOS O VENCIMENTO COBRAR 10% DE MULTA                                NAO RECEBER APOS 30 DIAS DO VENCIMENTO.                                                                                                                                                                                                         10081800000000000001008180000000000000       0090770900066125992646081810000063
100000000000000000000009077090006612500000000000000000000000010002100000666308181100000000002            2  01006663081825081800000003165510000000001N100818000000000000000000000000000000000000000000000000000000000000000100000666344825LUIZ HENRIQUE DE CAMPOS                 RUA JOAO CARLOS CAVALCANTI REIS - 21 - J            02281206                                                            000065
2SR. CAIXA, APOS O VENCIMENTO COBRAR 10% DE MULTA                                NAO RECEBER APOS 30 DIAS DO VENCIMENTO.                                                                                                                                                                                                         10081800000000000001008180000000000000       0090770900066125006663081811000066
100000000000000000000009077090006612500000000000000000000000010002100029155008181100000000002            2  01291550081825081800000003342920000000001N100818000000000000000000000000000000000000000000000000000000000000000100029155026842DANIELA YOSHIDA                         RUA MONTE CASTELO - 262 AP.34 - AVIACAO             11702720                                                            000068
2SR. CAIXA, APOS O VENCIMENTO COBRAR 10% DE MULTA                                NAO RECEBER APOS 30 DIAS DO VENCIMENTO.                                                                                                                                                                                                         10081800000000000001008180000000000000       0090770900066125291550081811000069
100000000000000000000009077090006612500000000000000000000000010002100001204408181500000000002            2  01012044081825081800000002722310000000001N100818000000000000000000000000000000000000000000000000000000000000000100001204431809CEZAR TALAVERA JUNIOR                   RUA MAESTRO ARTURO DE ANGELIS  - 190 AP.            05139010                                                            000071
2SR. CAIXA, APOS O VENCIMENTO COBRAR 10% DE MULTA                                NAO RECEBER APOS 30 DIAS DO VENCIMENTO.                                                                                                                                                                                                         10081800000000000001008180000000000000       0090770900066125012044081815000072
100000000000000000000009077090006612500000000000000000000000010002100004227508181400000000002            2  01042275081825081800000003528970000000001N100818000000000000000000000000000000000000000000000000000000000000000100004227553970ALESSANDRO ISRAEL GOULART               RUA PROFESSORA CARLINDA RIBEIRO - 21 - F            02866200                                                            000074
2SR. CAIXA, APOS O VENCIMENTO COBRAR 10% DE MULTA                                NAO RECEBER APOS 30 DIAS DO VENCIMENTO.                                                                                                                                                                                                         10081800000000000001008180000000000000       0090770900066125042275081814000075
100000000000000000000009077090006612500000000000000000000000010002100060811408181800000000002            2  01608114081825081800000003252350000000001N100818000000000000000000000000000000000000000000000000000000000000000100060811420868HELIO BASSI                             AV.PARIS,575 - PRACA ANTONIO FIGUEROA -             11700082                                                            000077
2SR. CAIXA, APOS O VENCIMENTO COBRAR 10% DE MULTA                                NAO RECEBER APOS 30 DIAS DO VENCIMENTO.                                                                                                                                                                                                         10081800000000000001008180000000000000       0090770900066125608114081818000078
100000000000000000000009077090006612500000000000000000000000010002100001024708181800000000002            2  01010247081825081800000003077590000000001N100818000000000000000000000000000000000000000000000000000000000000000100001024794881CLAUDIO RODRIGUES                       RUA ARACATUBA - 242 - LAPA - SAO PAULO -            05058010                                                            000080
2SR. CAIXA, APOS O VENCIMENTO COBRAR 10% DE MULTA                                NAO RECEBER APOS 30 DIAS DO VENCIMENTO.                                                                                                                                                                                                         10081800000000000001008180000000000000       0090770900066125010247081818000081
100000000000000000000009077090006612500000000000000000000000010002100002225008181900000000002            2  01022250081825081800000004718340000000001N100818000000000000000000000000000000000000000000000000000000000000000100002225072841PEDRO EDUARDO DE AZEVEDO                RUA NATH ZILMAN - 46 - JARDIM SAMAMBAIA             07600000                                                            000083
2SR. CAIXA, APOS O VENCIMENTO COBRAR 10% DE MULTA                                NAO RECEBER APOS 30 DIAS DO VENCIMENTO.                                                                                                                                                                                                         10081800000000000001008180000000000000       0090770900066125022250081819000084
100000000000000000000009077090006612500000000000000000000000010002100022037508181700000000002            2  01220375081825081800000003283450000000001N100818000000000000000000000000000000000000000000000000000000000000000100022037552882ANDREIA CRISTINA FERNANDES DANTAS       PCA CASTRO ALVES - 163 AP.33 - VILA SAO             13224299                                                            000086
2SR. CAIXA, APOS O VENCIMENTO COBRAR 10% DE MULTA                                NAO RECEBER APOS 30 DIAS DO VENCIMENTO.                                                                                                                                                                                                         10081800000000000001008180000000000000       0090770900066125220375081817000087
100000000000000000000009077090006612500000000000000000000000010002100019288708181500000000002            2  01192887081825081800000002673480000000001N100818000000000000000000000000000000000000000000000000000000000000000100019288787844EMERSON LUIZ MARTINEZ PEREIRA           RUA MONTE CASTELO - 296 AP.74 - AVIACAO             11702720                                                            000089
2SR. CAIXA, APOS O VENCIMENTO COBRAR 10% DE MULTA                                NAO RECEBER APOS 30 DIAS DO VENCIMENTO.                                                                                                                                                                                                         10081800000000000001008180000000000000       0090770900066125192887081815000090
100000000000000000000009077090006612500000000000000000000000010002100027198408181900000000002            2  01271984081825081800000002264580000000001N100818000000000000000000000000000000000000000000000000000000000000000100027198452809CRISTIANE AURELIANO DA SILVA MAIA       RUA MONTE CASTELO - 262 AP.25 - AVIACAO             11702720                                                            000092
2SR. CAIXA, APOS O VENCIMENTO COBRAR 10% DE MULTA                                NAO RECEBER APOS 30 DIAS DO VENCIMENTO.                                                                                                                                                                                                         10081800000000000001008180000000000000       0090770900066125271984081819000093
100000000000000000000009077090006612500000000000000000000000010002100021246208181200000000002            2  01212462081825081800000002763670000000001N100818000000000000000000000000000000000000000000000000000000000000000100021246231840ALEXANDRO DA CUNHA MIGUES               AVENIDA CONSELHEIRO CARRAO - 1861 CONJ.5            03403001                                                            000095
2SR. CAIXA, APOS O VENCIMENTO COBRAR 10% DE MULTA                                NAO RECEBER APOS 30 DIAS DO VENCIMENTO.                                                                                                                                                                                                         10081800000000000001008180000000000000       0090770900066125212462081812000096
100000000000000000000009077090006612500000000000000000000000010002100004864908181100000000002            2  01048649081825081800000020848610000000001N100818000000000000000000000000000000000000000000000000000000000000000100004864924600RENATO SANTACHIARA SALVADORI            RUA PENSYLVANIA - 116 - PAYSAGE BRISE -             06730000                                                            000098
2SR. CAIXA, APOS O VENCIMENTO COBRAR 10% DE MULTA                                NAO RECEBER APOS 30 DIAS DO VENCIMENTO.                                                                                                                                                                                                         10081800000000000001008180000000000000       0090770900066125048649081811000099
100000000000000000000009077090006612500000000000000000000000010002100004864908182P00000000002            2  01048649081825081800000001654730000000001N100818000000000000000000000000000000000000000000000000000000000000000100004864924600RENATO SANTACHIARA SALVADORI            RUA PENSYLVANIA - 116 - PAYSAGE BRISE -             06730000                                                            000101
2SR. CAIXA, APOS O VENCIMENTO COBRAR 10% DE MULTA                                NAO RECEBER APOS 30 DIAS DO VENCIMENTO.                                                                                                                                                                                                         10081800000000000001008180000000000000       009077090006612504864908182P000102
100000000000000000000009077090006612500000000000000000000000010002100018834208181000000000002            2  01188342081825081800000003228280000000001N100818000000000000000000000000000000000000000000000000000000000000000100018834257863ILTON FERNANDO MUTCHNIK                 RUA ASSUNGUI - 700 AP.222 - VILA GUMERCI            04131001                                                            000104
2SR. CAIXA, APOS O VENCIMENTO COBRAR 10% DE MULTA                                NAO RECEBER APOS 30 DIAS DO VENCIMENTO.                                                                                                                                                                                                         10081800000000000001008180000000000000       0090770900066125188342081810000105
100000000000000000000009077090006612500000000000000000000000010002100018470508181200000000002            2  01184705081825081800000004065770000000001N100818000000000000000000000000000000000000000000000000000000000000000100018470520881SILVANA ALVES DE OLIVEIRA               RUA MONTE CASTELO - 262 AP.91 - AVIACAO             11702720                                                            000107
2SR. CAIXA, APOS O VENCIMENTO COBRAR 10% DE MULTA                                NAO RECEBER APOS 30 DIAS DO VENCIMENTO.                                                                                                                                                                                                         10081800000000000001008180000000000000       0090770900066125184705081812000108
100000000000000000000009077090006612500000000000000000000000010002100009297508181200000000002            2  01092975081825081800000002830550000000001N100818000000000000000000000000000000000000000000000000000000000000000100009297523846MARCOS ROBERTO DE CASTRO FERREIRA       RUA MONTE CASTELO - 262 AP.105 - AVIACAO            11702720                                                            000110
2SR. CAIXA, APOS O VENCIMENTO COBRAR 10% DE MULTA                                NAO RECEBER APOS 30 DIAS DO VENCIMENTO.                                                                                                                                                                                                         10081800000000000001008180000000000000       0090770900066125092975081812000111
100000000000000000000009077090006612500000000000000000000000010002100001164108181100000000002            2  01011641081825081800000003507700000000001N100818000000000000000000000000000000000000000000000000000000000000000100001164158864DAVID BLEY LACERDA                      RUA CONEGO ARAUJO MARCONDES - 188 - BAIR            02550080                                                            000113
2SR. CAIXA, APOS O VENCIMENTO COBRAR 10% DE MULTA                                NAO RECEBER APOS 30 DIAS DO VENCIMENTO.                                                                                                                                                                                                         10081800000000000001008180000000000000       0090770900066125011641081811000114
100000000000000000000009077090006612500000000000000000000000010002100031498008181500000000002            2  01314980081825081800000004263100000000001N100818000000000000000000000000000000000000000000000000000000000000000100031498008895POLIANE  SIBELE DA SILVA                PRACA GENERAL COSTA BARRETO - 56 AP.181             03325070                                                            000116
2SR. CAIXA, APOS O VENCIMENTO COBRAR 10% DE MULTA                                NAO RECEBER APOS 30 DIAS DO VENCIMENTO.                                                                                                                                                                                                         10081800000000000001008180000000000000       0090770900066125314980081815000117
100000000000000000000009077090006612500000000000000000000000010002100000588108181900000000002            2  01005881081825081800000002500400000000001N100818000000000000000000000000000000000000000000000000000000000000000100000588109860JOSE LIARTE GIANTE                      AVENIDA LUIZ GONZAGA DO AMARAL - 143 - J            09320630                                                            000119
2SR. CAIXA, APOS O VENCIMENTO COBRAR 10% DE MULTA                                NAO RECEBER APOS 30 DIAS DO VENCIMENTO.                                                                                                                                                                                                         10081800000000000001008180000000000000       0090770900066125005881081819000120
100000000000000000000009077090006612500000000000000000000000010002100014386808181100000000002            2  01143868081825081800000002000210000000001N100818000000000000000000000000000000000000000000000000000000000000000100014386860134SEVERINO CARLOS DE OLIVEIRA             RUA MONTE CASTELO - 262 AP.54 - AVIACAO             11702720                                                            000122
2SR. CAIXA, APOS O VENCIMENTO COBRAR 10% DE MULTA                                NAO RECEBER APOS 30 DIAS DO VENCIMENTO.                                                                                                                                                                                                         10081800000000000001008180000000000000       0090770900066125143868081811000123
100000000000000000000009077090006612500000000000000000000000010002100029088208181900000000002            2  01290882081825081800000002223710000000001N100818000000000000000000000000000000000000000000000000000000000000000100029088221804FABIANO SPERANDEO                       RUA MONTE CASTELO - 296 AP.93 - AVIACAO             11702720                                                            000125
2SR. CAIXA, APOS O VENCIMENTO COBRAR 10% DE MULTA                                NAO RECEBER APOS 30 DIAS DO VENCIMENTO.                                                                                                                                                                                                         10081800000000000001008180000000000000       0090770900066125290882081819000126
100000000000000000000009077090006612500000000000000000000000010002100039393708181700000000002            2  01393937081825081800000001378550000000001N100818000000000000000000000000000000000000000000000000000000000000000100039393790850NAIRON RICARDO DE ARAUJO SANTOS         RUA MONTE CASTELO - 262 AP.23 - AVIACAO             11702720                                                            000128
2SR. CAIXA, APOS O VENCIMENTO COBRAR 10% DE MULTA                                NAO RECEBER APOS 30 DIAS DO VENCIMENTO.                                                                                                                                                                                                         10081800000000000001008180000000000000       0090770900066125393937081817000129
100000000000000000000009077090006612500000000000000000000000010002100041896808181800000000002            2  01418968081825081800000002007650000000001N100818000000000000000000000000000000000000000000000000000000000000000100041896807968SERGIO ROBERTO DA SILVA                 RUA DOS INGLESES - 542 AP.61 - MORRO DOS            01329000                                                            000131
2SR. CAIXA, APOS O VENCIMENTO COBRAR 10% DE MULTA                                NAO RECEBER APOS 30 DIAS DO VENCIMENTO.                                                                                                                                                                                                         10081800000000000001008180000000000000       0090770900066125418968081818000132
100000000000000000000009077090006612500000000000000000000000010002100088137308181600000000002            2  01881373081825081800000001820460000000001N100818000000000000000000000000000000000000000000000000000000000000000100088137384804ANA LUCIA DA SILVA                      RUA DOUTOR EPAMINONDAS BARRA - 147 - VIL            04438100                                                            000134
2SR. CAIXA, APOS O VENCIMENTO COBRAR 10% DE MULTA                                NAO RECEBER APOS 30 DIAS DO VENCIMENTO.                                                                                                                                                                                                         10081800000000000001008180000000000000       0090770900066125881373081816000135
9                                                                                                                                                                                                                                                                                                                                                                                                         000136