01REMESSA01COBRANCA       00000000000005331186HB SANTOS CONSTRUTORA E INCORP237BRADESCO       011220        MX0000013                                                                                                                                                                                                                                                                                     000001
100000000000000000000009033990000995400000000000000000000000010002020026858612201600000000002            2  01268586122008122000000002684840000000001N011220000000000000000000000000000000000000000000000000000000000000000100026858625879GLAUCE FERREIRA DE OLIVEIRA FALSI       RUA LOURENCO ANTONIO BRAGANCA - 116 - JA            04403160                                                            000002
2SR. CAIXA, APOS O VENCIMENTO COBRAR 2% DE MULTA                                 NAO RECEBER APOS 30 DIAS DO VENCIMENTO.                                                                                                                                                                                                         01122000000000000000112200000000000000       0090339900009954268586122016000003
100000000000000000000009033990000995400000000000000000000000010002020016960812201700000000002            2  01169608122008122000000002563570000000001N011220000000000000000000000000000000000000000000000000000000000000000100016960804876LUIZ ALVES DE SOUZA JUNIOR              RUA FRANCISCO ALVES - 394 CASA B - PAECA            11450320                                                            000005
2SR. CAIXA, APOS O VENCIMENTO COBRAR 2% DE MULTA                                 NAO RECEBER APOS 30 DIAS DO VENCIMENTO.                                                                                                                                                                                                         01122000000000000000112200000000000000       0090339900009954169608122017000006
100000000000000000000009033990000995400000000000000000000000010002020008899312201400000000002            2  01088993122008122000000002546900000000001N011220000000000000000000000000000000000000000000000000000000000000000100008899362858ELAINE D ALMEIDA FERDINANDY             ALAMEDA SUBTENENTE AVIADOR FRANCISCO HIE            02187040                                                            000008
2SR. CAIXA, APOS O VENCIMENTO COBRAR 2% DE MULTA                                 NAO RECEBER APOS 30 DIAS DO VENCIMENTO.                                                                                                                                                                                                         01122000000000000000112200000000000000       0090339900009954088993122014000009
100000000000000000000009033990000995400000000000000000000000010002020029425012201900000000002            2  01294250122008122000000002553280000000001N011220000000000000000000000000000000000000000000000000000000000000000100029425027897FABIA DOS SANTOS DE ANDRADE             AVENIDA ALCIDES CANDIDO DOS SANTOS - 248            11705480                                                            000011
2SR. CAIXA, APOS O VENCIMENTO COBRAR 2% DE MULTA                                 NAO RECEBER APOS 30 DIAS DO VENCIMENTO.                                                                                                                                                                                                         01122000000000000000112200000000000000       0090339900009954294250122019000012
100000000000000000000009033990000995400000000000000000000000010002020078382712201400000000002            2  01783827122008122000000002580230000000001N011220000000000000000000000000000000000000000000000000000000000000000100078382700497JARMELINA BARBOSA DA SILVA              RUA OSCAR CINTRA GORDINHO - 211 AP.51 -             01512010                                                            000014
2SR. CAIXA, APOS O VENCIMENTO COBRAR 2% DE MULTA                                 NAO RECEBER APOS 30 DIAS DO VENCIMENTO.                                                                                                                                                                                                         01122000000000000000112200000000000000       0090339900009954783827122014000015
100000000000000000000009033990000995400000000000000000000000010002020007535312201300000000002            2  01075353122008122000000002530230000000001N011220000000000000000000000000000000000000000000000000000000000000000100007535375839AINAILDE PEREIRA DE CASTRO OLIVETTO     TRAVESSA DORALINA ELIETE ADAO DA SILVA -            08021026                                                            000017
2SR. CAIXA, APOS O VENCIMENTO COBRAR 2% DE MULTA                                 NAO RECEBER APOS 30 DIAS DO VENCIMENTO.                                                                                                                                                                                                         01122000000000000000112200000000000000       0090339900009954075353122013000018
100000000000000000000009033990000995400000000000000000000000010002020017229712201900000000002            2  01172297122008122000000002680230000000001N011220000000000000000000000000000000000000000000000000000000000000000100017229751802BERENICE VIEIRA KERSTING                RUA ATIBAIA - 17 AP.417 - BAIRRO IMPERAD            11707380                                                            000020
2SR. CAIXA, APOS O VENCIMENTO COBRAR 2% DE MULTA                                 NAO RECEBER APOS 30 DIAS DO VENCIMENTO.                                                                                                                                                                                                         01122000000000000000112200000000000000       0090339900009954172297122019000021
100000000000000000000009033990000995400000000000000000000000010002020028974212201000000000002            2  01289742122008122000000002503280000000001N011220000000000000000000000000000000000000000000000000000000000000000100028974233827MARISTELA FAVANI DE OLIVEIRA            RUA GIUSEPPE CARNEVALLI - 96 - BAIRRO BO            09572100                                                            000023
2SR. CAIXA, APOS O VENCIMENTO COBRAR 2% DE MULTA                                 NAO RECEBER APOS 30 DIAS DO VENCIMENTO.                                                                                                                                                                                                         01122000000000000000112200000000000000       0090339900009954289742122010000024
100000000000000000000009033990000995400000000000000000000000010002020092184812201800000000002            2  01921848122008122000000002469950000000001N011220000000000000000000000000000000000000000000000000000000000000000100092184804800CARMEM DO SOCORRO GUILHERME             ESTRADA SAO FRANCISCO - 1.850 AP.182A -             06765000                                                            000026
2SR. CAIXA, APOS O VENCIMENTO COBRAR 2% DE MULTA                                 NAO RECEBER APOS 30 DIAS DO VENCIMENTO.                                                                                                                                                                                                         01122000000000000000112200000000000000       0090339900009954921848122018000027
100000000000000000000009033990000995400000000000000000000000010002020009169712201800000000002            2  01091697122008122000000001980920000000001N011220000000000000000000000000000000000000000000000000000000000000000100009169701830TADEU CONSTANTINO LOPES                 RUA JOSE ANTONIO COELHO - 349 CASA 01 -             04011061                                                            000029
2SR. CAIXA, APOS O VENCIMENTO COBRAR 2% DE MULTA                                 NAO RECEBER APOS 30 DIAS DO VENCIMENTO.                                                                                                                                                                                                         01122000000000000000112200000000000000       0090339900009954091697122018000030
100000000000000000000009033990000995400000000000000000000000010002020042480112201600000000002            2  01424801122008122000000002519950000000001N011220000000000000000000000000000000000000000000000000000000000000000100042480155870JAMITRE SOIOMARA ALVES DO NASCIMENTO DAVAVENIDA PRESIDENTE CASTELO BRANCO - 1.80            11700015                                                            000032
2SR. CAIXA, APOS O VENCIMENTO COBRAR 2% DE MULTA                                 NAO RECEBER APOS 30 DIAS DO VENCIMENTO.                                                                                                                                                                                                         01122000000000000000112200000000000000       0090339900009954424801122016000033
100000000000000000000009033990000995400000000000000000000000010002020004611212201200000000002            2  01046112122008122000000002466260000000001N011220000000000000000000000000000000000000000000000000000000000000000100004611218830TANIA MARIA DA SILVA NUNES PEREIRA LUIZ RODOVIA RAPOSO TAVARES, 7389 KM 17,5 - A            05576200                                                            000035
2SR. CAIXA, APOS O VENCIMENTO COBRAR 2% DE MULTA                                 NAO RECEBER APOS 30 DIAS DO VENCIMENTO.                                                                                                                                                                                                         01122000000000000000112200000000000000       0090339900009954046112122012000036
100000000000000000000009033990000995400000000000000000000000010002020008966512201100000000002            2  01089665122008122000000002380920000000001N011220000000000000000000000000000000000000000000000000000000000000000100008966511856MONICA SILVA REIS                       RUA ORATORIO - 264 E FUNDOS - BANGU - SA            09280550                                                            000038
2SR. CAIXA, APOS O VENCIMENTO COBRAR 2% DE MULTA                                 NAO RECEBER APOS 30 DIAS DO VENCIMENTO.                                                                                                                                                                                                         01122000000000000000112200000000000000       0090339900009954089665122011000039
100000000000000000000009033990000995400000000000000000000000010002020036898612201P00000000002            2  01368986122008122000000002397590000000001N011220000000000000000000000000000000000000000000000000000000000000000100036898609890GABRIEL FRANCHESCHI PALVO               AVENIDA CORONEL JOSE OSORIO - 771 - CENT            85555000                                                            000041
2SR. CAIXA, APOS O VENCIMENTO COBRAR 2% DE MULTA                                 NAO RECEBER APOS 30 DIAS DO VENCIMENTO.                                                                                                                                                                                                         01122000000000000000112200000000000000       009033990000995436898612201P000042
9                                                                                                                                                                                                                                                                                                                                                                                                         000043