01REMESSA01COBRANCA       00000000000008017025HB SANTOS CONSTRUTORA E INCORP237BRADESCO       011219        MX0000092                                                                                                                                                                                                                                                                                     000001
100000000000000000000009033990000627000000000000000000000000010002020029671512191200000000002            2  01296715121909121900000002589470000000001N011219000000000000000000000000000000000000000000000000000000000000000100029671526845ROGERIO CONSENTINO                      RUA CARLOS MAZER  - 678 - VILA CARMOSINA            08290700                                                            000002
2SR. CAIXA, APOS O VENCIMENTO COBRAR 2% DE MULTA                                 NAO RECEBER APOS 30 DIAS DO VENCIMENTO.                                                                                                                                                                                                         01121900000000000000112190000000000000       0090339900006270296715121912000003
100000000000000000000009033990000627000000000000000000000000010002020003863012191400000000002            2  01038630121909121900000002445970000000001N011219000000000000000000000000000000000000000000000000000000000000000100003863075803HERALDO MENQUINI                        RUA CARLOS JOSE BORSTENS - 50 AP.15 - AV            11702750                                                            000005
2SR. CAIXA, APOS O VENCIMENTO COBRAR 2% DE MULTA                                 NAO RECEBER APOS 30 DIAS DO VENCIMENTO.                                                                                                                                                                                                         01121900000000000000112190000000000000       0090339900006270038630121914000006
100000000000000000000009033990000627000000000000000000000000010002020029028412191100000000002            2  01290284121909121900000002505650000000001N011219000000000000000000000000000000000000000000000000000000000000000100029028478825LEONARDO LOUZADA                        RUA CARLOS JOSE BORSTENS - 50 AP.35 - AV            11702750                                                            000008
2SR. CAIXA, APOS O VENCIMENTO COBRAR 2% DE MULTA                                 NAO RECEBER APOS 30 DIAS DO VENCIMENTO.                                                                                                                                                                                                         01121900000000000000112190000000000000       0090339900006270290284121911000009
100000000000000000000009033990000627000000000000000000000000010002020032878512191900000000002            2  01328785121909121900000003621170000000001N011219000000000000000000000000000000000000000000000000000000000000000100032878512847LEONARDO MOURA MONIZ CALDEIRA           RUA BALSA - 682 AP.134 T.02 - VILA ARCAD            02910000                                                            000011
2SR. CAIXA, APOS O VENCIMENTO COBRAR 2% DE MULTA                                 NAO RECEBER APOS 30 DIAS DO VENCIMENTO.                                                                                                                                                                                                         01121900000000000000112190000000000000       0090339900006270328785121919000012
100000000000000000000009033990000627000000000000000000000000010002020016479012191600000000002            2  01164790121909121900000003852270000000001N011219000000000000000000000000000000000000000000000000000000000000000100016479002806LOURDES PEREIRA DE QUEIROZ SECANECHIA   RUA PAULINO CURSI - 437 - CIDADE SAO MAT            03960060                                                            000014
2SR. CAIXA, APOS O VENCIMENTO COBRAR 2% DE MULTA                                 NAO RECEBER APOS 30 DIAS DO VENCIMENTO.                                                                                                                                                                                                         01121900000000000000112190000000000000       0090339900006270164790121916000015
100000000000000000000009033990000627000000000000000000000000010002020019635012191300000000002            2  01196350121909121900000002842300000000001N011219000000000000000000000000000000000000000000000000000000000000000100019635091885IVAN VIEIRA SILVA                       ABRAO JORGE - 3001 - JARDIM INTEGRACAO -            14405397                                                            000017
2SR. CAIXA, APOS O VENCIMENTO COBRAR 2% DE MULTA                                 NAO RECEBER APOS 30 DIAS DO VENCIMENTO.                                                                                                                                                                                                         01121900000000000000112190000000000000       0090339900006270196350121913000018
100000000000000000000009033990000627000000000000000000000000010002020009361412191300000000002            2  01093614121909121900000002796760000000001N011219000000000000000000000000000000000000000000000000000000000000000100009361471805JOSE BARBOSA DA SILVA                   RUA ALFREDO INACIO TRINDADE  - 60 AP.44             02344100                                                            000020
2SR. CAIXA, APOS O VENCIMENTO COBRAR 2% DE MULTA                                 NAO RECEBER APOS 30 DIAS DO VENCIMENTO.                                                                                                                                                                                                         01121900000000000000112190000000000000       0090339900006270093614121913000021
100000000000000000000009033990000627000000000000000000000000010002020012756912191700000000002            2  01127569121909121900000002414210000000001N011219000000000000000000000000000000000000000000000000000000000000000100012756959812ITAMAR JUVENAL DIAS DA SILVA            RUA ELISEU REINALDO MORAES VIEIRA - 90 A            02858000                                                            000023
2SR. CAIXA, APOS O VENCIMENTO COBRAR 2% DE MULTA                                 NAO RECEBER APOS 30 DIAS DO VENCIMENTO.                                                                                                                                                                                                         01121900000000000000112190000000000000       0090339900006270127569121917000024
100000000000000000000009033990000627000000000000000000000000010002020002731012191400000000002            2  01027310121909121900000002854250000000001N011219000000000000000000000000000000000000000000000000000000000000000100002731042842VALTER CERQUEIRA VILLA NOVA             RUA MACHADO - 106 - VILA AUGUSTA - GUARU            07025210                                                            000026
2SR. CAIXA, APOS O VENCIMENTO COBRAR 2% DE MULTA                                 NAO RECEBER APOS 30 DIAS DO VENCIMENTO.                                                                                                                                                                                                         01121900000000000000112190000000000000       0090339900006270027310121914000027
100000000000000000000009033990000627000000000000000000000000010002020002731012192200000000002            2  01027310121909121900000002854240000000001N011219000000000000000000000000000000000000000000000000000000000000000100002731042842VALTER CERQUEIRA VILLA NOVA             RUA MACHADO - 106 - VILA AUGUSTA - GUARU            07025210                                                            000029
2SR. CAIXA, APOS O VENCIMENTO COBRAR 2% DE MULTA                                 NAO RECEBER APOS 30 DIAS DO VENCIMENTO.                                                                                                                                                                                                         01121900000000000000112190000000000000       0090339900006270027310121922000030
100000000000000000000009033990000627000000000000000000000000010002020028802112191200000000002            2  01288021121909121900000002577320000000001N011219000000000000000000000000000000000000000000000000000000000000000100028802158894ELIEL HENRIQUE ZUZA                     RUA CARLOS JOSE BORSTENS - 50 AP.43 - BA            11702750                                                            000032
2SR. CAIXA, APOS O VENCIMENTO COBRAR 2% DE MULTA                                 NAO RECEBER APOS 30 DIAS DO VENCIMENTO.                                                                                                                                                                                                         01121900000000000000112190000000000000       0090339900006270288021121912000033
100000000000000000000009033990000627000000000000000000000000010002020008739112191600000000002            2  01087391121909121900000002410460000000001N011219000000000000000000000000000000000000000000000000000000000000000100008739150895VANGEVALDO BATISTA SANT ANNA            TRAVESSA TOMAZIN - 02 - ERMELINO MATARAZ            03811125                                                            000035
2SR. CAIXA, APOS O VENCIMENTO COBRAR 2% DE MULTA                                 NAO RECEBER APOS 30 DIAS DO VENCIMENTO.                                                                                                                                                                                                         01121900000000000000112190000000000000       0090339900006270087391121916000036
100000000000000000000009033990000627000000000000000000000000010002020005313712191200000000002            2  01053137121911121900000002083350000000001N011219000000000000000000000000000000000000000000000000000000000000000100005313717863EDIMICIO JOSE DE ARAUJO                 PRACA NICOLAU GERAIGIRE - 680 CA A - JAR            11095110                                                            000038
2SR. CAIXA, APOS O VENCIMENTO COBRAR 2% DE MULTA                                 NAO RECEBER APOS 30 DIAS DO VENCIMENTO.                                                                                                                                                                                                         01121900000000000000112190000000000000       0090339900006270053137121912000039
100000000000000000000009033990000627000000000000000000000000010002020029433612191000000000002            2  01294336121911121900000002001390000000001N011219000000000000000000000000000000000000000000000000000000000000000100029433631897MARIO MUNIZ                             RUA JOSE CALIXTO DO CARMO - 286 AP.53 -             11702690                                                            000041
2SR. CAIXA, APOS O VENCIMENTO COBRAR 2% DE MULTA                                 NAO RECEBER APOS 30 DIAS DO VENCIMENTO.                                                                                                                                                                                                         01121900000000000000112190000000000000       0090339900006270294336121910000042
100000000000000000000009033990000627000000000000000000000000010002020001847212191900000000002            2  01018472121911121900000001842520000000001N011219000000000000000000000000000000000000000000000000000000000000000100001847204864AMERICA CONCEICAO DA SILVA              RUA JOSE CALIXTO DO CARMO - 286 AP.44 -             11702690                                                            000044
2SR. CAIXA, APOS O VENCIMENTO COBRAR 2% DE MULTA                                 NAO RECEBER APOS 30 DIAS DO VENCIMENTO.                                                                                                                                                                                                         01121900000000000000112190000000000000       0090339900006270018472121919000045
100000000000000000000009033990000627000000000000000000000000010002020005029812191300000000002            2  01050298121909121900000002461440000000001N011219000000000000000000000000000000000000000000000000000000000000000100005029828885LAURINETE DA CONCEICAO DE NORONHA       RUA MARIA LUCIA DE TOLEDO LEITE MORAES -            04434040                                                            000047
2SR. CAIXA, APOS O VENCIMENTO COBRAR 2% DE MULTA                                 NAO RECEBER APOS 30 DIAS DO VENCIMENTO.                                                                                                                                                                                                         01121900000000000000112190000000000000       0090339900006270050298121913000048
100000000000000000000009033990000627000000000000000000000000010002020013388912191500000000002            2  01133889121911121900000001951050000000001N011219000000000000000000000000000000000000000000000000000000000000000100013388936889NEUTON DE SOUZA RAMOS                   RUA MARIA CRISTINA - 932 - JARDIM CASQUE            11533160                                                            000050
2SR. CAIXA, APOS O VENCIMENTO COBRAR 2% DE MULTA                                 NAO RECEBER APOS 30 DIAS DO VENCIMENTO.                                                                                                                                                                                                         01121900000000000000112190000000000000       0090339900006270133889121915000051
100000000000000000000009033990000627000000000000000000000000010002020012774912191500000000002            2  01127749121911121900000001987680000000001N011219000000000000000000000000000000000000000000000000000000000000000100012774906865JOSE MILTON SANTIAGO                    RUA BATATAIS - 47 - CIDADE ESTELA - POA             08563140                                                            000053
2SR. CAIXA, APOS O VENCIMENTO COBRAR 2% DE MULTA                                 NAO RECEBER APOS 30 DIAS DO VENCIMENTO.                                                                                                                                                                                                         01121900000000000000112190000000000000       0090339900006270127749121915000054
100000000000000000000009033990000627000000000000000000000000010002020016294112191000000000002            2  01162941121909121900000002443780000000001N011219000000000000000000000000000000000000000000000000000000000000000100016294119812JURACY FELIX DE ARRUDA                  RUA CARLOS JOSE BORSTENS - 50 AP.23 - AV            11702750                                                            000056
2SR. CAIXA, APOS O VENCIMENTO COBRAR 2% DE MULTA                                 NAO RECEBER APOS 30 DIAS DO VENCIMENTO.                                                                                                                                                                                                         01121900000000000000112190000000000000       0090339900006270162941121910000057
100000000000000000000009033990000627000000000000000000000000010002020005613812191500000000002            2  01056138121911121900000001828120000000001N011219000000000000000000000000000000000000000000000000000000000000000100005613843805NILZA MARIA DE OLIVEIRA                 RUA JOSE GONCALVES DE FREITAS - 66 C2 -             08210550                                                            000059
2SR. CAIXA, APOS O VENCIMENTO COBRAR 2% DE MULTA                                 NAO RECEBER APOS 30 DIAS DO VENCIMENTO.                                                                                                                                                                                                         01121900000000000000112190000000000000       0090339900006270056138121915000060
100000000000000000000009033990000627000000000000000000000000010002020007574912191500000000002            2  01075749121911121900000001876520000000001N011219000000000000000000000000000000000000000000000000000000000000000100007574936889JORGE LUCIANO PEREIRA BORRIELLO         RUA JOSE CALIXTO DO CARMO - 286 AP.54 -             11702690                                                            000062
2SR. CAIXA, APOS O VENCIMENTO COBRAR 2% DE MULTA                                 NAO RECEBER APOS 30 DIAS DO VENCIMENTO.                                                                                                                                                                                                         01121900000000000000112190000000000000       0090339900006270075749121915000063
100000000000000000000009033990000627000000000000000000000000010002020032408112191800000000002            2  01324081121911121900000002159520000000001N011219000000000000000000000000000000000000000000000000000000000000000100032408151848DEILSON DO NASCIMENTO CANDIDO DA SILVA  RUA JOSE CALIXTO DO CARMO - 286 AP.62 -             11702690                                                            000065
2SR. CAIXA, APOS O VENCIMENTO COBRAR 2% DE MULTA                                 NAO RECEBER APOS 30 DIAS DO VENCIMENTO.                                                                                                                                                                                                         01121900000000000000112190000000000000       0090339900006270324081121918000066
100000000000000000000009033990000627000000000000000000000000010002020008214912191800000000002            2  01082149121911121900000001905000000000001N011219000000000000000000000000000000000000000000000000000000000000000100008214973830JAMIL CHALA                             RUA JOSE CALIXTO DO CARMO - 286 AP.22 -             11702690                                                            000068
2SR. CAIXA, APOS O VENCIMENTO COBRAR 2% DE MULTA                                 NAO RECEBER APOS 30 DIAS DO VENCIMENTO.                                                                                                                                                                                                         01121900000000000000112190000000000000       0090339900006270082149121918000069
100000000000000000000009033990000627000000000000000000000000010002020032495012191500000000002            2  01324950121911121900000002134790000000001N011219000000000000000000000000000000000000000000000000000000000000000100032495004881PAULO EDUARDO DOS SANTOS                RUA REPUBLICA DO IRAQUE - 1119 - CAMPO B            04611002                                                            000071
2SR. CAIXA, APOS O VENCIMENTO COBRAR 2% DE MULTA                                 NAO RECEBER APOS 30 DIAS DO VENCIMENTO.                                                                                                                                                                                                         01121900000000000000112190000000000000       0090339900006270324950121915000072
100000000000000000000009033990000627000000000000000000000000010002020006471812191500000000002            2  01064718121909121900000002405960000000001N011219000000000000000000000000000000000000000000000000000000000000000100006471825803JOSIVALDO BASTOS DE OLIVEIRA            RUA MARIA DIAS HOG - 263 - PARQUE CONTIN            07085035                                                            000074
2SR. CAIXA, APOS O VENCIMENTO COBRAR 2% DE MULTA                                 NAO RECEBER APOS 30 DIAS DO VENCIMENTO.                                                                                                                                                                                                         01121900000000000000112190000000000000       0090339900006270064718121915000075
100000000000000000000009033990000627000000000000000000000000010002020038856812191100000000002            2  01388568121911121900000001979000000000001N011219000000000000000000000000000000000000000000000000000000000000000100038856851830FELIPE BIANCHI DA COSTA FREITAS         RUA JOSE CALIXTO DO CARMO - 286 AP.23 -             11702690                                                            000077
2SR. CAIXA, APOS O VENCIMENTO COBRAR 2% DE MULTA                                 NAO RECEBER APOS 30 DIAS DO VENCIMENTO.                                                                                                                                                                                                         01121900000000000000112190000000000000       0090339900006270388568121911000078
100000000000000000000009033990000627000000000000000000000000010002020016498012191200000000002            2  01164980121911121900000001872260000000001N011219000000000000000000000000000000000000000000000000000000000000000100016498053810GILMA CEZARIO GARCIA CORRITORI          RUA LAURENTINO XAVIER DOS SANTOS - 336 -            08240740                                                            000080
2SR. CAIXA, APOS O VENCIMENTO COBRAR 2% DE MULTA                                 NAO RECEBER APOS 30 DIAS DO VENCIMENTO.                                                                                                                                                                                                         01121900000000000000112190000000000000       0090339900006270164980121912000081
100000000000000000000009033990000627000000000000000000000000010002020029339012191100000000002            2  01293390121911121900000002002050000000001N011219000000000000000000000000000000000000000000000000000000000000000100029339051831RONALD DIDOFF                           RUA CORONEL FERREIRA BRAGA - 188 - VILA             03522010                                                            000083
2SR. CAIXA, APOS O VENCIMENTO COBRAR 2% DE MULTA                                 NAO RECEBER APOS 30 DIAS DO VENCIMENTO.                                                                                                                                                                                                         01121900000000000000112190000000000000       0090339900006270293390121911000084
100000000000000000000009033990000627000000000000000000000000010002020017357812191300000000002            2  01173578121911121900000002120360000000001N011219000000000000000000000000000000000000000000000000000000000000000100017357859894MARCIO GUIMARAES                        RUA GENERAL CAMARA - 188 SALA 11 - CENTR            11010120                                                            000086
2SR. CAIXA, APOS O VENCIMENTO COBRAR 2% DE MULTA                                 NAO RECEBER APOS 30 DIAS DO VENCIMENTO.                                                                                                                                                                                                         01121900000000000000112190000000000000       0090339900006270173578121913000087
100000000000000000000009033990000627000000000000000000000000010002020010563012191300000000002            2  01105630121911121900000002174560000000001N011219000000000000000000000000000000000000000000000000000000000000000100010563033878VERA LUCIA RIBEIRO LONGANEZI            RUA DOS CAMARES - 150 AP.24 BL.02 - CARA            02068030                                                            000089
2SR. CAIXA, APOS O VENCIMENTO COBRAR 2% DE MULTA                                 NAO RECEBER APOS 30 DIAS DO VENCIMENTO.                                                                                                                                                                                                         01121900000000000000112190000000000000       0090339900006270105630121913000090
100000000000000000000009033990000627000000000000000000000000010002020005529612191800000000002            2  01055296121911121900000001973330000000001N011219000000000000000000000000000000000000000000000000000000000000000100005529616801JOAQUIM JORGE DA COSTA                  RUA JOSE CALIXTO DO CARMO - 286 AP.106 -            11702690                                                            000092
2SR. CAIXA, APOS O VENCIMENTO COBRAR 2% DE MULTA                                 NAO RECEBER APOS 30 DIAS DO VENCIMENTO.                                                                                                                                                                                                         01121900000000000000112190000000000000       0090339900006270055296121918000093
100000000000000000000009033990000627000000000000000000000000010002020022014112191200000000002            2  01220141121911121900000001967580000000001N011219000000000000000000000000000000000000000000000000000000000000000100022014140847CAMILA SILVEIRA CANIZARES               AVENIDA PRESIDENTE CASTELO BRANCO - 5.74            11703650                                                            000095
2SR. CAIXA, APOS O VENCIMENTO COBRAR 2% DE MULTA                                 NAO RECEBER APOS 30 DIAS DO VENCIMENTO.                                                                                                                                                                                                         01121900000000000000112190000000000000       0090339900006270220141121912000096
100000000000000000000009033990000627000000000000000000000000010002020015550712191400000000002            2  01155507121909121900000001865760000000001N011219000000000000000000000000000000000000000000000000000000000000000100015550706806MARY MIWA                               RUA CARLOS JOSE BORSTENS - 50 AP.105 - A            11702750                                                            000098
2SR. CAIXA, APOS O VENCIMENTO COBRAR 2% DE MULTA                                 NAO RECEBER APOS 30 DIAS DO VENCIMENTO.                                                                                                                                                                                                         01121900000000000000112190000000000000       0090339900006270155507121914000099
100000000000000000000009033990000627000000000000000000000000010002020015464612191400000000002            2  01154646121911121900000002074440000000001N011219000000000000000000000000000000000000000000000000000000000000000100015464647864SONIA TERESA VOLPATO                    RUA JOSE CALIXTO DO CARMO - 286 AP.73 -             11702690                                                            000101
2SR. CAIXA, APOS O VENCIMENTO COBRAR 2% DE MULTA                                 NAO RECEBER APOS 30 DIAS DO VENCIMENTO.                                                                                                                                                                                                         01121900000000000000112190000000000000       0090339900006270154646121914000102
100000000000000000000009033990000627000000000000000000000000010002020008657812191300000000002            2  01086578121911121900000002053620000000001N011219000000000000000000000000000000000000000000000000000000000000000100008657886855ARLINDO DA CRUZ                         AVENIDA ARICANDUVA - 8.256 AP.54 BL.10 -            03951220                                                            000104
2SR. CAIXA, APOS O VENCIMENTO COBRAR 2% DE MULTA                                 NAO RECEBER APOS 30 DIAS DO VENCIMENTO.                                                                                                                                                                                                         01121900000000000000112190000000000000       0090339900006270086578121913000105
100000000000000000000009033990000627000000000000000000000000010002020004265712191300000000002            2  01042657121909121900000002749150000000001N011219000000000000000000000000000000000000000000000000000000000000000100004265781713ALEXANDRE CASADO COSTA                  RUA CARLOS JOSE BORSTENS - 50 AP.33 - AV            11702750                                                            000107
2SR. CAIXA, APOS O VENCIMENTO COBRAR 2% DE MULTA                                 NAO RECEBER APOS 30 DIAS DO VENCIMENTO.                                                                                                                                                                                                         01121900000000000000112190000000000000       0090339900006270042657121913000108
100000000000000000000009033990000627000000000000000000000000010002020059735112191100000000002            2  01597351121909121900000001161180000000001N011219000000000000000000000000000000000000000000000000000000000000000100059735180863HELIO JOSE MARQUES                      RUA MARTIM AFONSO DE SOUZA - 1007 AP.102            11702790                                                            000110
2SR. CAIXA, APOS O VENCIMENTO COBRAR 2% DE MULTA                                 NAO RECEBER APOS 30 DIAS DO VENCIMENTO.                                                                                                                                                                                                         01121900000000000000112190000000000000       0090339900006270597351121911000111
100000000000000000000009033990000627000000000000000000000000010002020026347812191500000000002            2  01263478121911121900000002195270000000001N011219000000000000000000000000000000000000000000000000000000000000000100026347872862VALDECI SILVA MEIRELES                  RUA JOSE BATISTA DA SILVA - 292 - JARDIM            06851470                                                            000113
2SR. CAIXA, APOS O VENCIMENTO COBRAR 2% DE MULTA                                 NAO RECEBER APOS 30 DIAS DO VENCIMENTO.                                                                                                                                                                                                         01121900000000000000112190000000000000       0090339900006270263478121915000114
100000000000000000000009033990000627000000000000000000000000010002020025443612191600000000002            2  01254436121909121900000003976800000000001N011219000000000000000000000000000000000000000000000000000000000000000100025443691830SILVANETE PEREIRA CARNELOS              RUA CARLOS JOSE BORSTENS - 50 AP.102 - A            11702750                                                            000116
2SR. CAIXA, APOS O VENCIMENTO COBRAR 2% DE MULTA                                 NAO RECEBER APOS 30 DIAS DO VENCIMENTO.                                                                                                                                                                                                         01121900000000000000112190000000000000       0090339900006270254436121916000117
100000000000000000000009033990000627000000000000000000000000010002020013135212191600000000002            2  01131352121911121900000002016900000000001N011219000000000000000000000000000000000000000000000000000000000000000100013135261859EDUARDO ZANOLA                          RUA ROLANDO PIETRO BONINI - 46 - JARDIM             09781040                                                            000119
2SR. CAIXA, APOS O VENCIMENTO COBRAR 2% DE MULTA                                 NAO RECEBER APOS 30 DIAS DO VENCIMENTO.                                                                                                                                                                                                         01121900000000000000112190000000000000       0090339900006270131352121916000120
100000000000000000000009033990000627000000000000000000000000010002020009797612191700000000002            2  01097976121911121900000001964260000000001N011219000000000000000000000000000000000000000000000000000000000000000100009797626857RICARDO SOBRAL DE OLIVEIRA              RUA 23 DE MAIO - 139 AP.32 - VILA MIRIM             11704690                                                            000122
2SR. CAIXA, APOS O VENCIMENTO COBRAR 2% DE MULTA                                 NAO RECEBER APOS 30 DIAS DO VENCIMENTO.                                                                                                                                                                                                         01121900000000000000112190000000000000       0090339900006270097976121917000123
100000000000000000000009033990000627000000000000000000000000010002020004767612191800000000002            2  01047676121909121900000003358830000000001N011219000000000000000000000000000000000000000000000000000000000000000100004767679893ORLANDO GRANDE FILHO                    RUA ORLANDO MIGLIARI - 101 - JARDIM OURO            19906140                                                            000125
2SR. CAIXA, APOS O VENCIMENTO COBRAR 2% DE MULTA                                 NAO RECEBER APOS 30 DIAS DO VENCIMENTO.                                                                                                                                                                                                         01121900000000000000112190000000000000       0090339900006270047676121918000126
100000000000000000000009033990000627000000000000000000000000010002020006512512191500000000002            2  01065125121911121900000001766940000000001N011219000000000000000000000000000000000000000000000000000000000000000100006512547870MARIA DO CARMO FAGUNDES DOS REIS        RUA CARLOS MALCHER - 98 - PARQUE EDU CHA            02232020                                                            000128
2SR. CAIXA, APOS O VENCIMENTO COBRAR 2% DE MULTA                                 NAO RECEBER APOS 30 DIAS DO VENCIMENTO.                                                                                                                                                                                                         01121900000000000000112190000000000000       0090339900006270065125121915000129
100000000000000000000009033990000627000000000000000000000000010002020022728412191800000000002            2  01227284121911121900000002125440000000001N011219000000000000000000000000000000000000000000000000000000000000000100022728497842WILLIAN DE SOUZA MELLO                  RUA JOSE CALIXTO DO CARMO - 286 AP.111 -            11702690                                                            000131
2SR. CAIXA, APOS O VENCIMENTO COBRAR 2% DE MULTA                                 NAO RECEBER APOS 30 DIAS DO VENCIMENTO.                                                                                                                                                                                                         01121900000000000000112190000000000000       0090339900006270227284121918000132
100000000000000000000009033990000627000000000000000000000000010002020016909712191200000000002            2  01169097121911121900000001878230000000001N011219000000000000000000000000000000000000000000000000000000000000000100016909746805EDIVALDO SANTANA DOS SANTOS             ESTRADA JOAO GASPAR DELGADO - 80 AP.213             08536100                                                            000134
2SR. CAIXA, APOS O VENCIMENTO COBRAR 2% DE MULTA                                 NAO RECEBER APOS 30 DIAS DO VENCIMENTO.                                                                                                                                                                                                         01121900000000000000112190000000000000       0090339900006270169097121912000135
100000000000000000000009033990000627000000000000000000000000010002020022036012191P00000000002            2  01220360121909121900000002916680000000001N011219000000000000000000000000000000000000000000000000000000000000000100022036003818DERLIS TERAN QUIROGA ROGATO             RUA JOAO RIBEIRO - 709 AP.61 - CAMPESTRE            09070250                                                            000137
2SR. CAIXA, APOS O VENCIMENTO COBRAR 2% DE MULTA                                 NAO RECEBER APOS 30 DIAS DO VENCIMENTO.                                                                                                                                                                                                         01121900000000000000112190000000000000       009033990000627022036012191P000138
100000000000000000000009033990000627000000000000000000000000010002020017229712192600000000002            2  01172297121909121900000002814860000000001N011219000000000000000000000000000000000000000000000000000000000000000100017229751802BERENICE VIEIRA KERSTING                RUA ATIBAIA - 17 AP.417 - BAIRRO IMPERAD            11707380                                                            000140
2SR. CAIXA, APOS O VENCIMENTO COBRAR 2% DE MULTA                                 NAO RECEBER APOS 30 DIAS DO VENCIMENTO.                                                                                                                                                                                                         01121900000000000000112190000000000000       0090339900006270172297121926000141
100000000000000000000009033990000627000000000000000000000000010002020012475612191300000000002            2  01124756121911121900000002035890000000001N011219000000000000000000000000000000000000000000000000000000000000000100012475663820CELIDALVA GOES DE CARVALHO              RUA AURELIO BELOTTI JUNIOR - 28 - JARDIM            05759210                                                            000143
2SR. CAIXA, APOS O VENCIMENTO COBRAR 2% DE MULTA                                 NAO RECEBER APOS 30 DIAS DO VENCIMENTO.                                                                                                                                                                                                         01121900000000000000112190000000000000       0090339900006270124756121913000144
100000000000000000000009033990000627000000000000000000000000010002020033451612191000000000002            2  01334516121911121900000001700070000000001N011219000000000000000000000000000000000000000000000000000000000000000100033451620839ARAO ELISIARIO  NUNES                   RUA JOSE CALIXTO DO CARMO - 286 AP.64 -             11702690                                                            000146
2SR. CAIXA, APOS O VENCIMENTO COBRAR 2% DE MULTA                                 NAO RECEBER APOS 30 DIAS DO VENCIMENTO.                                                                                                                                                                                                         01121900000000000000112190000000000000       0090339900006270334516121910000147
100000000000000000000009033990000627000000000000000000000000010002020095758212191000000000002            2  01957582121911121900000002067530000000001N011219000000000000000000000000000000000000000000000000000000000000000100095758275891SHIRLEY TUNES ASTOLFI                   RUA GUAPERUVU - 656 AP.84 - VILA ARICAND            03504010                                                            000149
2SR. CAIXA, APOS O VENCIMENTO COBRAR 2% DE MULTA                                 NAO RECEBER APOS 30 DIAS DO VENCIMENTO.                                                                                                                                                                                                         01121900000000000000112190000000000000       0090339900006270957582121910000150
100000000000000000000009033990000627000000000000000000000000010002020045839212191800000000002            2  01458392121911121900000001319570000000001N011219000000000000000000000000000000000000000000000000000000000000000100045839263834LEONARDO ANTONIO CONCELLIERI            RUA JOSE CALIXTO DO CARMO - 286 AP.51 -             11702690                                                            000152
2SR. CAIXA, APOS O VENCIMENTO COBRAR 2% DE MULTA                                 NAO RECEBER APOS 30 DIAS DO VENCIMENTO.                                                                                                                                                                                                         01121900000000000000112190000000000000       0090339900006270458392121918000153
100000000000000000000009033990000627000000000000000000000000010002020011369112191900000000002            2  01113691121911121900000001857150000000001N011219000000000000000000000000000000000000000000000000000000000000000100011369165803ELIANA CORREA DE OLIVEIRA               AVENIDA ELIAS MALUF - 2695 CASA 419 - WA            18055215                                                            000155
2SR. CAIXA, APOS O VENCIMENTO COBRAR 2% DE MULTA                                 NAO RECEBER APOS 30 DIAS DO VENCIMENTO.                                                                                                                                                                                                         01121900000000000000112190000000000000       0090339900006270113691121919000156
100000000000000000000009033990000627000000000000000000000000010002020026858612191500000000002            2  01268586121908121900000002618720000000001N011219000000000000000000000000000000000000000000000000000000000000000100026858625879GLAUCE FERREIRA DE OLIVEIRA FALSI       RUA CATULO DA PAIXAO CEARENSE - 190 AP.1            04145010                                                            000158
2SR. CAIXA, APOS O VENCIMENTO COBRAR 2% DE MULTA                                 NAO RECEBER APOS 30 DIAS DO VENCIMENTO.                                                                                                                                                                                                         01121900000000000000112190000000000000       0090339900006270268586121915000159
100000000000000000000009033990000627000000000000000000000000010002020002253812191200000000002            2  01022538121911121900000001650650000000001N011219000000000000000000000000000000000000000000000000000000000000000100002253816809EDMILSON ALVES DA SILVA                 ESTRADA SAO FRANCISCO - 2.008 AP.14 T.G             06764290                                                            000161
2SR. CAIXA, APOS O VENCIMENTO COBRAR 2% DE MULTA                                 NAO RECEBER APOS 30 DIAS DO VENCIMENTO.                                                                                                                                                                                                         01121900000000000000112190000000000000       0090339900006270022538121912000162
9                                                                                                                                                                                                                                                                                                                                                                                                         000163