01REMESSA01COBRANCA       00000000000005331186HB SANTOS CONSTRUTORA E INCORP237BRADESCO       100221        MX0000018                                                                                                                                                                                                                                                                                     000001
100000000000000000000009033990000995400000000000000000000000010002020005723202211000000000002            2  01057232022123022100000002627960000000001N090221000000000000000000000000000000000000000000000000000000000000000100005723255843FRANCISCO DE ASSIS DA SILVA             PRACA NICOLAU GERAIGIRE - 25 VISOR - JAR            11095110                                                            000002
2SR. CAIXA, APOS O VENCIMENTO COBRAR 2% DE MULTA                                 NAO RECEBER APOS 30 DIAS DO VENCIMENTO.                                                                                                                                                                                                         10022100000000000001002210000000000000       0090339900009954057232022110000003
100000000000000000000009033990000995400000000000000000000000010002020004928102211500000000002            2  01049281022123022100000002569950000000001N090221000000000000000000000000000000000000000000000000000000000000000100004928157800ADEMIR APARECIDO ANTUNES                RUA JAIME TAVEIRA - 91 AP.056 B - CHACAR            03732060                                                            000005
2SR. CAIXA, APOS O VENCIMENTO COBRAR 2% DE MULTA                                 NAO RECEBER APOS 30 DIAS DO VENCIMENTO.                                                                                                                                                                                                         10022100000000000001002210000000000000       0090339900009954049281022115000006
100000000000000000000009033990000995400000000000000000000000010002020011238002211200000000002            2  01112380022123022100000002536620000000001N090221000000000000000000000000000000000000000000000000000000000000000100011238052886SOLANGE DIAS DE SOUZA ROMANO            AVENIDA DR. ALTINO ARANTES - 865 AP.132             04042034                                                            000008
2SR. CAIXA, APOS O VENCIMENTO COBRAR 2% DE MULTA                                 NAO RECEBER APOS 30 DIAS DO VENCIMENTO.                                                                                                                                                                                                         10022100000000000001002210000000000000       0090339900009954112380022112000009
100000000000000000000009033990000995400000000000000000000000010002020032589102211400000000002            2  01325891022123022100000002486620000000001N090221000000000000000000000000000000000000000000000000000000000000000100032589165862RENATA ISABEL MARTINS SILVA             RUA HERCULANO DE FREITAS - 257 - FUNDACA            09520280                                                            000011
2SR. CAIXA, APOS O VENCIMENTO COBRAR 2% DE MULTA                                 NAO RECEBER APOS 30 DIAS DO VENCIMENTO.                                                                                                                                                                                                         10022100000000000001002210000000000000       0090339900009954325891022114000012
100000000000000000000009033990000995400000000000000000000000010002020088339302211800000000002            2  01883393022123022100000002513560000000001N090221000000000000000000000000000000000000000000000000000000000000000100088339319868MARCIA SIQUEIRA MELLO                   RUA ADELINO ALVES - 81 - SANTO AMARO - S            04710120                                                            000014
2SR. CAIXA, APOS O VENCIMENTO COBRAR 2% DE MULTA                                 NAO RECEBER APOS 30 DIAS DO VENCIMENTO.                                                                                                                                                                                                         10022100000000000001002210000000000000       0090339900009954883393022118000015
100000000000000000000009033990000995400000000000000000000000010002020088339302212600000000002            2  01883393022123022100000002513550000000001N090221000000000000000000000000000000000000000000000000000000000000000100088339319868MARCIA SIQUEIRA MELLO                   RUA ADELINO ALVES - 81 - SANTO AMARO - S            04710120                                                            000017
2SR. CAIXA, APOS O VENCIMENTO COBRAR 2% DE MULTA                                 NAO RECEBER APOS 30 DIAS DO VENCIMENTO.                                                                                                                                                                                                         10022100000000000001002210000000000000       0090339900009954883393022126000018
100000000000000000000009033990000995400000000000000000000000010002020046391202211300000000002            2  01463912022123022100000002607460000000001N090221000000000000000000000000000000000000000000000000000000000000000100046391265810PAMELLA RODRIGUES DE OLIVEIRA           RUA ANTONIO MARQUES LUIZ - 193 - JARDIM             07115090                                                            000020
2SR. CAIXA, APOS O VENCIMENTO COBRAR 2% DE MULTA                                 NAO RECEBER APOS 30 DIAS DO VENCIMENTO.                                                                                                                                                                                                         10022100000000000001002210000000000000       0090339900009954463912022113000021
100000000000000000000009033990000995400000000000000000000000010002020027964502211100000000002            2  01279645022123022100000001590790000000001N090221000000000000000000000000000000000000000000000000000000000000000100027964512838FABIO TADEU DE CAMPOS RADZIAVICIUS      AV.PROF.LUIZ IGNACIO ANHAIA MELLO - 2.58            03154100                                                            000023
2SR. CAIXA, APOS O VENCIMENTO COBRAR 2% DE MULTA                                 NAO RECEBER APOS 30 DIAS DO VENCIMENTO.                                                                                                                                                                                                         10022100000000000001002210000000000000       0090339900009954279645022111000024
100000000000000000000009033990000995400000000000000000000000010002020011498302211P00000000002            2  01114983022123022100000001941050000000001N090221000000000000000000000000000000000000000000000000000000000000000100011498329837GERSON GERALDO DAS NEVES                RUA DOMINGOS DELGADO - 144 - VILA SOUZA             02881070                                                            000026
2SR. CAIXA, APOS O VENCIMENTO COBRAR 2% DE MULTA                                 NAO RECEBER APOS 30 DIAS DO VENCIMENTO.                                                                                                                                                                                                         10022100000000000001002210000000000000       009033990000995411498302211P000027
100000000000000000000009033990000995400000000000000000000000010002020068875602211800000000002            2  01688756022123022100000002574130000000001N090221000000000000000000000000000000000000000000000000000000000000000100068875673691ILDETE BATISTA NEIVA GOLFAR             RUA FERNANDO FALCAO - 560 AP.21 - MOOCA             03180000                                                            000029
2SR. CAIXA, APOS O VENCIMENTO COBRAR 2% DE MULTA                                 NAO RECEBER APOS 30 DIAS DO VENCIMENTO.                                                                                                                                                                                                         10022100000000000001002210000000000000       0090339900009954688756022118000030
100000000000000000000009033990000995400000000000000000000000010002020000884202211100000000002            2  01008842022123022100000002364260000000001N090221000000000000000000000000000000000000000000000000000000000000000100000884239802ADEMIR MARTINS                          RUA MARECHAL HERMES - 417 AP.52 - BAIRRO            09090230                                                            000032
2SR. CAIXA, APOS O VENCIMENTO COBRAR 2% DE MULTA                                 NAO RECEBER APOS 30 DIAS DO VENCIMENTO.                                                                                                                                                                                                         10022100000000000001002210000000000000       0090339900009954008842022111000033
100000000000000000000009033990000995400000000000000000000000010002020033119102211300000000002            2  01331191022123022100000002307330000000001N090221000000000000000000000000000000000000000000000000000000000000000100033119178802HUGO GOMES VENDRAME                     RUA SAO PAULO - 60 CASA 01 - VILA FREITA            06380110                                                            000035
2SR. CAIXA, APOS O VENCIMENTO COBRAR 2% DE MULTA                                 NAO RECEBER APOS 30 DIAS DO VENCIMENTO.                                                                                                                                                                                                         10022100000000000001002210000000000000       0090339900009954331191022113000036
100000000000000000000009033990000995400000000000000000000000010002020016631502211600000000002            2  01166315022123022100000002347590000000001N090221000000000000000000000000000000000000000000000000000000000000000100016631587468GILBERTO BEZERRA DA SILVA               AVENIDA JAIME TORRES - 745 CASA 3 - JARD            03670000                                                            000038
2SR. CAIXA, APOS O VENCIMENTO COBRAR 2% DE MULTA                                 NAO RECEBER APOS 30 DIAS DO VENCIMENTO.                                                                                                                                                                                                         10022100000000000001002210000000000000       0090339900009954166315022116000039
100000000000000000000009033990000995400000000000000000000000010002020007313202211900000000002            2  01073132022123022100000002330920000000001N090221000000000000000000000000000000000000000000000000000000000000000100007313251840SALVADOR GESUALDO PULVIRENTI            AVENIDA MARARI - 641 - VILA MARARI - SAO            04402010                                                            000041
2SR. CAIXA, APOS O VENCIMENTO COBRAR 2% DE MULTA                                 NAO RECEBER APOS 30 DIAS DO VENCIMENTO.                                                                                                                                                                                                         10022100000000000001002210000000000000       0090339900009954073132022119000042
100000000000000000000009033990000995400000000000000000000000010002020010676702211000000000002            2  01106767022123022100000002432930000000001N090221000000000000000000000000000000000000000000000000000000000000000100010676723896MERCEDES CRISTINA ROCHA SANDOVAL        RUA ITARARE - 446 AP.806 - JARDIM GUILHE            11701620                                                            000044
2SR. CAIXA, APOS O VENCIMENTO COBRAR 2% DE MULTA                                 NAO RECEBER APOS 30 DIAS DO VENCIMENTO.                                                                                                                                                                                                         10022100000000000001002210000000000000       0090339900009954106767022110000045
100000000000000000000009033990000995400000000000000000000000010002020009502802211900000000002            2  01095028022123022100000002540790000000001N090221000000000000000000000000000000000000000000000000000000000000000100009502844831CLAUDIA ROCHA SANDOVAL                  RUA ABAETE - 29.153 - VILA TUPI - PRAIA             11703490                                                            000047
2SR. CAIXA, APOS O VENCIMENTO COBRAR 2% DE MULTA                                 NAO RECEBER APOS 30 DIAS DO VENCIMENTO.                                                                                                                                                                                                         10022100000000000001002210000000000000       0090339900009954095028022119000048
100000000000000000000009033990000995400000000000000000000000010002020007594202211800000000002            2  01075942022123022100000002280930000000001N090221000000000000000000000000000000000000000000000000000000000000000100007594247809JOSE LUIS DE OLIVEIRA                   DONA EGLANTINA PENTEADO DA SILVA PRADO -            13044162                                                            000050
2SR. CAIXA, APOS O VENCIMENTO COBRAR 2% DE MULTA                                 NAO RECEBER APOS 30 DIAS DO VENCIMENTO.                                                                                                                                                                                                         10022100000000000001002210000000000000       0090339900009954075942022118000051
100000000000000000000009033990000995400000000000000000000000010002020005288702211100000000002            2  01052887022123022100000002349600000000001N090221000000000000000000000000000000000000000000000000000000000000000100005288796858MARCELO RODRIGUES FERREIRA              RUA MARCOS ANTONIO MARQUES - 302 - JARDI            06433020                                                            000053
2SR. CAIXA, APOS O VENCIMENTO COBRAR 2% DE MULTA                                 NAO RECEBER APOS 30 DIAS DO VENCIMENTO.                                                                                                                                                                                                         10022100000000000001002210000000000000       0090339900009954052887022111000054
9                                                                                                                                                                                                                                                                                                                                                                                                         000055