01REMESSA01COBRANCA       00000000000008017025HB SANTOS CONSTRUTORA E INCORP237BRADESCO       110121        MX0000120                                                                                                                                                                                                                                                                                     000001
100000000000000000000009033990000627000000000000000000000000010002020025035101211P00000000002            2  01250351012124012100000002374510000000001N110121000000000000000000000000000000000000000000000000000000000000000100025035170802WANDERSON LUIS DE CARVALHO              RUA JOAQUIM GONCALVES ROCHA - 302 - JARD            02859030                                                            000002
2SR. CAIXA, APOS O VENCIMENTO COBRAR 2% DE MULTA                                 NAO RECEBER APOS 30 DIAS DO VENCIMENTO.                                                                                                                                                                                                         11012100000000000001101210000000000000       009033990000627025035101211P000003
100000000000000000000009033990000627000000000000000000000000010002020007294301211700000000002            2  01072943012124012100000003193750000000001N110121000000000000000000000000000000000000000000000000000000000000000100007294351805CLAUDENIR APARECIDO VACARI              RUA CARLOS JOSE BORSTENS - 50 AP.93 - AV            11702750                                                            000005
2SR. CAIXA, APOS O VENCIMENTO COBRAR 2% DE MULTA                                 NAO RECEBER APOS 30 DIAS DO VENCIMENTO.                                                                                                                                                                                                         11012100000000000001101210000000000000       0090339900006270072943012117000006
100000000000000000000009033990000627000000000000000000000000010002020035438001211000000000002            2  01354380012124012100000002725600000000001N110121000000000000000000000000000000000000000000000000000000000000000100035438022836ALESSANDRO FARACO DOS SANTOS            RUA PEDRO POMAR  - 145 - JARDIM ELISA MA            02875020                                                            000008
2SR. CAIXA, APOS O VENCIMENTO COBRAR 2% DE MULTA                                 NAO RECEBER APOS 30 DIAS DO VENCIMENTO.                                                                                                                                                                                                         11012100000000000001101210000000000000       0090339900006270354380012110000009
100000000000000000000009033990000627000000000000000000000000010002020007525001211200000000002            2  01075250012124012100000003572350000000001N110121000000000000000000000000000000000000000000000000000000000000000100007525032866FERNANDO RIBEIRO                        RUA CARLOS JOSE BORSTENS - 50 AP.32 - AV            11702750                                                            000011
2SR. CAIXA, APOS O VENCIMENTO COBRAR 2% DE MULTA                                 NAO RECEBER APOS 30 DIAS DO VENCIMENTO.                                                                                                                                                                                                         11012100000000000001101210000000000000       0090339900006270075250012112000012
100000000000000000000009033990000627000000000000000000000000010002020005071401211800000000002            2  01050714012124012100000003133630000000001N110121000000000000000000000000000000000000000000000000000000000000000100005071481855ERIBALDO SANTANA CARVALHO               RUA HONDURAS - 477 - PARQUE DAS AMERICAS            09351070                                                            000014
2SR. CAIXA, APOS O VENCIMENTO COBRAR 2% DE MULTA                                 NAO RECEBER APOS 30 DIAS DO VENCIMENTO.                                                                                                                                                                                                         11012100000000000001101210000000000000       0090339900006270050714012118000015
100000000000000000000009033990000627000000000000000000000000010002020002841701211100000000002            2  01028417012124012100000002931800000000001N110121000000000000000000000000000000000000000000000000000000000000000100002841756416LUCIANA PINHEIRO DE ASSIS NUNES         RUA RIO ACIMA - 81 - RIACHO GRANDE - SAO            09830100                                                            000017
2SR. CAIXA, APOS O VENCIMENTO COBRAR 2% DE MULTA                                 NAO RECEBER APOS 30 DIAS DO VENCIMENTO.                                                                                                                                                                                                         11012100000000000001101210000000000000       0090339900006270028417012111000018
100000000000000000000009033990000627000000000000000000000000010002020084302001211000000000002            2  01843020012124012100000002945870000000001N110121000000000000000000000000000000000000000000000000000000000000000100084302097868FAUSTO TADEU VILOR                      RUA ANTONIO TAVARES - 466 - BAIRRO CAMBU            01542010                                                            000020
2SR. CAIXA, APOS O VENCIMENTO COBRAR 2% DE MULTA                                 NAO RECEBER APOS 30 DIAS DO VENCIMENTO.                                                                                                                                                                                                         11012100000000000001101210000000000000       0090339900006270843020012110000021
100000000000000000000009033990000627000000000000000000000000010002020028804201211000000000002            2  01288042012124012100000002894360000000001N110121000000000000000000000000000000000000000000000000000000000000000100028804202882GILBERTO FABIANO CABRAL DE CAMARGO      RUA CARLOS JOSE BORSTENS - 50 AP.44 - AV            11702750                                                            000023
2SR. CAIXA, APOS O VENCIMENTO COBRAR 2% DE MULTA                                 NAO RECEBER APOS 30 DIAS DO VENCIMENTO.                                                                                                                                                                                                         11012100000000000001101210000000000000       0090339900006270288042012110000024
100000000000000000000009033990000627000000000000000000000000010002020000991701211300000000002            2  01009917012124012100000002824990000000001N110121000000000000000000000000000000000000000000000000000000000000000100000991748808JAILSON BORGES DE ANDRADE               RUA IPIOBUNA - 45 - JARDIM CUMBICA - GUA            07240040                                                            000026
2SR. CAIXA, APOS O VENCIMENTO COBRAR 2% DE MULTA                                 NAO RECEBER APOS 30 DIAS DO VENCIMENTO.                                                                                                                                                                                                         11012100000000000001101210000000000000       0090339900006270009917012113000027
100000000000000000000009033990000627000000000000000000000000010002020022151601211P00000000002            2  01221516012124012100000002808590000000001N110121000000000000000000000000000000000000000000000000000000000000000100022151666816SAMIR LIMA DE ARAUJO                    AVENIDA GUARAPIRANGA - 2616 AP.131 BL.14            04902005                                                            000029
2SR. CAIXA, APOS O VENCIMENTO COBRAR 2% DE MULTA                                 NAO RECEBER APOS 30 DIAS DO VENCIMENTO.                                                                                                                                                                                                         11012100000000000001101210000000000000       009033990000627022151601211P000030
100000000000000000000009033990000627000000000000000000000000010002020022313101211100000000002            2  01223131012126012100000008012290000000001N110121000000000000000000000000000000000000000000000000000000000000000100022313116824ROSA MARIA BRITO DA SILVA               RUA SERVIDAO DE SAO MARCOS - 113 - JARDI            04930300                                                            000032
2SR. CAIXA, APOS O VENCIMENTO COBRAR 2% DE MULTA                                 NAO RECEBER APOS 30 DIAS DO VENCIMENTO.                                                                                                                                                                                                         11012100000000000001101210000000000000       0090339900006270223131012111000033
100000000000000000000009033990000627000000000000000000000000010002020027538001211300000000002            2  01275380012126012100000002168020000000001N110121000000000000000000000000000000000000000000000000000000000000000100027538087249MARA LUCIA MENEZES DA COSTA             RUA LEILA  - 183 - ITAQUERA - SAO PAULO             08240020                                                            000035
2SR. CAIXA, APOS O VENCIMENTO COBRAR 2% DE MULTA                                 NAO RECEBER APOS 30 DIAS DO VENCIMENTO.                                                                                                                                                                                                         11012100000000000001101210000000000000       0090339900006270275380012113000036
100000000000000000000009033990000627000000000000000000000000010002020031278401211P00000000002            2  01312784012124012100000002713190000000001N110121000000000000000000000000000000000000000000000000000000000000000100031278411836JEFFERSON DE PIERI PIRES ZAMUNER        RUA MANOEL ARCE - 277 - PARQUE BANCARIO             03922150                                                            000038
2SR. CAIXA, APOS O VENCIMENTO COBRAR 2% DE MULTA                                 NAO RECEBER APOS 30 DIAS DO VENCIMENTO.                                                                                                                                                                                                         11012100000000000001101210000000000000       009033990000627031278401211P000039
100000000000000000000009033990000627000000000000000000000000010002020019185701211100000000002            2  01191857012126012100000001972930000000001N110121000000000000000000000000000000000000000000000000000000000000000100019185769800AGUINALDO PESSOA DE LIMA                RUA JANUARIO ZINGARO - 252 AP.303 BL.04             05794300                                                            000041
2SR. CAIXA, APOS O VENCIMENTO COBRAR 2% DE MULTA                                 NAO RECEBER APOS 30 DIAS DO VENCIMENTO.                                                                                                                                                                                                         11012100000000000001101210000000000000       0090339900006270191857012111000042
100000000000000000000009033990000627000000000000000000000000010002020033303601211200000000002            2  01333036012126012100000002125020000000001N110121000000000000000000000000000000000000000000000000000000000000000100033303645809JESSICA DA SILVA FREITAS                RUA ARILDO VALADAO - 120 - JARDIM GUAEMB            04814600                                                            000044
2SR. CAIXA, APOS O VENCIMENTO COBRAR 2% DE MULTA                                 NAO RECEBER APOS 30 DIAS DO VENCIMENTO.                                                                                                                                                                                                         11012100000000000001101210000000000000       0090339900006270333036012112000045
100000000000000000000009033990000627000000000000000000000000010002020004824401211100000000002            2  01048244012126012100000002141850000000001N110121000000000000000000000000000000000000000000000000000000000000000100004824443806ROSIMEIRE CLARA FERREIRA REZENDE        RUA JOSE CALIXTO DO CARMO - 286 AP.43 -             11702690                                                            000047
2SR. CAIXA, APOS O VENCIMENTO COBRAR 2% DE MULTA                                 NAO RECEBER APOS 30 DIAS DO VENCIMENTO.                                                                                                                                                                                                         11012100000000000001101210000000000000       0090339900006270048244012111000048
100000000000000000000009033990000627000000000000000000000000010002020006422601211800000000002            2  01064226012124012100000002938430000000001N110121000000000000000000000000000000000000000000000000000000000000000100006422607881GERALDO ALVES DA SILVA                  RUA CARLOS JOSE BORSTENS - 50 AP.14 - AV            11702750                                                            000050
2SR. CAIXA, APOS O VENCIMENTO COBRAR 2% DE MULTA                                 NAO RECEBER APOS 30 DIAS DO VENCIMENTO.                                                                                                                                                                                                         11012100000000000001101210000000000000       0090339900006270064226012118000051
100000000000000000000009033990000627000000000000000000000000010002020033877101211P00000000002            2  01338771012126012100000001992280000000001N110121000000000000000000000000000000000000000000000000000000000000000100033877129870HELDER FERREIRA VIANA                   RUA JOSE CALIXTO DO CARMO - 286 AP.35 -             11702690                                                            000053
2SR. CAIXA, APOS O VENCIMENTO COBRAR 2% DE MULTA                                 NAO RECEBER APOS 30 DIAS DO VENCIMENTO.                                                                                                                                                                                                         11012100000000000001101210000000000000       009033990000627033877101211P000054
100000000000000000000009033990000627000000000000000000000000010002020028290701211300000000002            2  01282907012126012100000001836150000000001N110121000000000000000000000000000000000000000000000000000000000000000100028290719809VANESSA GIANGARRELLI PEREIRA            RUA BARINEL - 72 - JARDIM COTCHING - SAO            03462130                                                            000056
2SR. CAIXA, APOS O VENCIMENTO COBRAR 2% DE MULTA                                 NAO RECEBER APOS 30 DIAS DO VENCIMENTO.                                                                                                                                                                                                         11012100000000000001101210000000000000       0090339900006270282907012113000057
100000000000000000000009033990000627000000000000000000000000010002020028290701212100000000002            2  01282907012126012100000001836130000000001N110121000000000000000000000000000000000000000000000000000000000000000100028290719809VANESSA GIANGARRELLI PEREIRA            RUA BARINEL - 72 - JARDIM COTCHING - SAO            03462130                                                            000059
2SR. CAIXA, APOS O VENCIMENTO COBRAR 2% DE MULTA                                 NAO RECEBER APOS 30 DIAS DO VENCIMENTO.                                                                                                                                                                                                         11012100000000000001101210000000000000       0090339900006270282907012121000060
100000000000000000000009033990000627000000000000000000000000010002020028290701213P00000000002            2  01282907012126012100000001836140000000001N110121000000000000000000000000000000000000000000000000000000000000000100028290719809VANESSA GIANGARRELLI PEREIRA            RUA BARINEL - 72 - JARDIM COTCHING - SAO            03462130                                                            000062
2SR. CAIXA, APOS O VENCIMENTO COBRAR 2% DE MULTA                                 NAO RECEBER APOS 30 DIAS DO VENCIMENTO.                                                                                                                                                                                                         11012100000000000001101210000000000000       009033990000627028290701213P000063
100000000000000000000009033990000627000000000000000000000000010002020087573001211900000000002            2  01875730012126012100000002005050000000001N110121000000000000000000000000000000000000000000000000000000000000000100087573059604VANDERLEY DE ASSIS                      RUA ROMEU ALBANI - 268 - JARDIM PARQUE R            13803810                                                            000065
2SR. CAIXA, APOS O VENCIMENTO COBRAR 2% DE MULTA                                 NAO RECEBER APOS 30 DIAS DO VENCIMENTO.                                                                                                                                                                                                         11012100000000000001101210000000000000       0090339900006270875730012119000066
100000000000000000000009033990000627000000000000000000000000010002020010825501211600000000002            2  01108255012126012100000002092360000000001N110121000000000000000000000000000000000000000000000000000000000000000100010825513847JOSE APARECIDO PEREIRA                  RUA GENERAL OSORIO - 305 - JARDIM TRINTA            11515130                                                            000068
2SR. CAIXA, APOS O VENCIMENTO COBRAR 2% DE MULTA                                 NAO RECEBER APOS 30 DIAS DO VENCIMENTO.                                                                                                                                                                                                         11012100000000000001101210000000000000       0090339900006270108255012116000069
100000000000000000000009033990000627000000000000000000000000010002020039115101211800000000002            2  01391151012126012100000002579210000000001N110121000000000000000000000000000000000000000000000000000000000000000100039115139840LAIS CRISTINA RIBEIRO ANDO              RUA JOSE CALIXTO DO CARMO - 286 AP.65 -             11702690                                                            000071
2SR. CAIXA, APOS O VENCIMENTO COBRAR 2% DE MULTA                                 NAO RECEBER APOS 30 DIAS DO VENCIMENTO.                                                                                                                                                                                                         11012100000000000001101210000000000000       0090339900006270391151012118000072
100000000000000000000009033990000627000000000000000000000000010002020029617501211600000000002            2  01296175012124012100000002884170000000001N110121000000000000000000000000000000000000000000000000000000000000000100029617510553MARILENE SOUZA DE OLIVEIRA              AVENIDA BRASIL - 393 AP.09 - PARQUE DAS             09210280                                                            000074
2SR. CAIXA, APOS O VENCIMENTO COBRAR 2% DE MULTA                                 NAO RECEBER APOS 30 DIAS DO VENCIMENTO.                                                                                                                                                                                                         11012100000000000001101210000000000000       0090339900006270296175012116000075
100000000000000000000009033990000627000000000000000000000000010002020000593201211600000000002            2  01005932012124012100000003163240000000001N110121000000000000000000000000000000000000000000000000000000000000000100000593293860WALTER HELIO BARBOSA FILHO              AVENIDA ANTONIO FREDERICO OZANAN - 9500             13214206                                                            000077
2SR. CAIXA, APOS O VENCIMENTO COBRAR 2% DE MULTA                                 NAO RECEBER APOS 30 DIAS DO VENCIMENTO.                                                                                                                                                                                                         11012100000000000001101210000000000000       0090339900006270005932012116000078
100000000000000000000009033990000627000000000000000000000000010002020007730001211100000000002            2  01077300012124012100000004498430000000001N110121000000000000000000000000000000000000000000000000000000000000000100007730084899ARNALDO LUIZ VONO                       RUA CARLOS JOSE BORSTENS - 50 AP.122 - A            11702750                                                            000080
2SR. CAIXA, APOS O VENCIMENTO COBRAR 2% DE MULTA                                 NAO RECEBER APOS 30 DIAS DO VENCIMENTO.                                                                                                                                                                                                         11012100000000000001101210000000000000       0090339900006270077300012111000081
100000000000000000000009033990000627000000000000000000000000010002020065584101211800000000002            2  01655841012124012100000001660530000000001N110121000000000000000000000000000000000000000000000000000000000000000100065584147834JOAQUIM DA COSTA MACHADO NETO           RUA CARLOS JOSE BORSTENS - 50 AP.42 - AV            11702750                                                            000083
2SR. CAIXA, APOS O VENCIMENTO COBRAR 2% DE MULTA                                 NAO RECEBER APOS 30 DIAS DO VENCIMENTO.                                                                                                                                                                                                         11012100000000000001101210000000000000       0090339900006270655841012118000084
100000000000000000000009033990000627000000000000000000000000010002020065584101212600000000002            2  01655841012124012100000001660520000000001N110121000000000000000000000000000000000000000000000000000000000000000100065584147834JOAQUIM DA COSTA MACHADO NETO           RUA CARLOS JOSE BORSTENS - 50 AP.42 - AV            11702750                                                            000086
2SR. CAIXA, APOS O VENCIMENTO COBRAR 2% DE MULTA                                 NAO RECEBER APOS 30 DIAS DO VENCIMENTO.                                                                                                                                                                                                         11012100000000000001101210000000000000       0090339900006270655841012126000087
100000000000000000000009033990000627000000000000000000000000010002020006684601211000000000002            2  01066846012126012100000002124750000000001N110121000000000000000000000000000000000000000000000000000000000000000100006684623884LAUDINOR VIEIRA GARCIA                  RUA CANDIDO SALES - 374 - JARDIM PRESIDE            07172000                                                            000089
2SR. CAIXA, APOS O VENCIMENTO COBRAR 2% DE MULTA                                 NAO RECEBER APOS 30 DIAS DO VENCIMENTO.                                                                                                                                                                                                         11012100000000000001101210000000000000       0090339900006270066846012110000090
100000000000000000000009033990000627000000000000000000000000010002020011663501211100000000002            2  01116635012126012100000002140050000000001N110121000000000000000000000000000000000000000000000000000000000000000100011663589844MARIA SAVIO QUARELLO                    AVENIDA MENDONCA DRUMOND - 321 - JARDIM             03524030                                                            000092
2SR. CAIXA, APOS O VENCIMENTO COBRAR 2% DE MULTA                                 NAO RECEBER APOS 30 DIAS DO VENCIMENTO.                                                                                                                                                                                                         11012100000000000001101210000000000000       0090339900006270116635012111000093
100000000000000000000009033990000627000000000000000000000000010002020010083801211300000000002            2  01100838012126012100000002067640000000001N110121000000000000000000000000000000000000000000000000000000000000000100010083824855IONE FERREIRA COUTO DA SILVA            RUA JOSE RAGEL DE MESQUITA - 60 CS.01 -             07799999                                                            000095
2SR. CAIXA, APOS O VENCIMENTO COBRAR 2% DE MULTA                                 NAO RECEBER APOS 30 DIAS DO VENCIMENTO.                                                                                                                                                                                                         11012100000000000001101210000000000000       0090339900006270100838012113000096
100000000000000000000009033990000627000000000000000000000000010002020031010701211900000000002            2  01310107012126012100000002029020000000001N110121000000000000000000000000000000000000000000000000000000000000000100031010705890ANDRE GONZALEZ RABELLO                  RUA PARAIBA - 106 AP.61 - POMPEIA - SANT            11065470                                                            000098
2SR. CAIXA, APOS O VENCIMENTO COBRAR 2% DE MULTA                                 NAO RECEBER APOS 30 DIAS DO VENCIMENTO.                                                                                                                                                                                                         11012100000000000001101210000000000000       0090339900006270310107012119000099
100000000000000000000009033990000627000000000000000000000000010002020005351001211800000000002            2  01053510012126012100000001902420000000001N110121000000000000000000000000000000000000000000000000000000000000000100005351015897VALERIA ALVES MARCOLINO HINNIGER        RUA JOSE CALIXTO DO CARMO - 286 AP.92 -             11702690                                                            000101
2SR. CAIXA, APOS O VENCIMENTO COBRAR 2% DE MULTA                                 NAO RECEBER APOS 30 DIAS DO VENCIMENTO.                                                                                                                                                                                                         11012100000000000001101210000000000000       0090339900006270053510012118000102
100000000000000000000009033990000627000000000000000000000000010002020031898701211300000000002            2  01318987012124012100000003026710000000001N110121000000000000000000000000000000000000000000000000000000000000000100031898775800ANITA MARTINS COLOMBO                   RUA CARLOS JOSE BORSTENS - 50 AP.115 - A            11702750                                                            000104
2SR. CAIXA, APOS O VENCIMENTO COBRAR 2% DE MULTA                                 NAO RECEBER APOS 30 DIAS DO VENCIMENTO.                                                                                                                                                                                                         11012100000000000001101210000000000000       0090339900006270318987012113000105
100000000000000000000009033990000627000000000000000000000000010002020037983401211300000000002            2  01379834012126012100000002234740000000001N110121000000000000000000000000000000000000000000000000000000000000000100037983484801JOSE ERIVALDO SOUZA DO NASCIMENTO RAMOS RUA LETICIA - 250 - JARDIM GUARUJA - SAO            05877260                                                            000107
2SR. CAIXA, APOS O VENCIMENTO COBRAR 2% DE MULTA                                 NAO RECEBER APOS 30 DIAS DO VENCIMENTO.                                                                                                                                                                                                         11012100000000000001101210000000000000       0090339900006270379834012113000108
100000000000000000000009033990000627000000000000000000000000010002020056289201211400000000002            2  01562892012126012100000001688230000000001N110121000000000000000000000000000000000000000000000000000000000000000100056289286900PEDRO RIBEIRO                           RUA CONEGO MANOEL VAZ - 48 - SANTANA - S            02019050                                                            000110
2SR. CAIXA, APOS O VENCIMENTO COBRAR 2% DE MULTA                                 NAO RECEBER APOS 30 DIAS DO VENCIMENTO.                                                                                                                                                                                                         11012100000000000001101210000000000000       0090339900006270562892012114000111
100000000000000000000009033990000627000000000000000000000000010002020005025501211800000000002            2  01050255012126012100000002402520000000001N110121000000000000000000000000000000000000000000000000000000000000000100005025595860CONCEICAO APARECIDA DE MESQUITA PEREIRA RUA JOSE CALIXTO DO CARMO - 286 AP.121 -            11702690                                                            000113
2SR. CAIXA, APOS O VENCIMENTO COBRAR 2% DE MULTA                                 NAO RECEBER APOS 30 DIAS DO VENCIMENTO.                                                                                                                                                                                                         11012100000000000001101210000000000000       0090339900006270050255012118000114
100000000000000000000009033990000627000000000000000000000000010002020034735301211000000000002            2  01347353012126012100000002316990000000001N110121000000000000000000000000000000000000000000000000000000000000000100034735328866DIEGO FELIPE MOLINA DA SILVA E SOUSA    RUA EMILIA PAULISTA - 135 - VILA TIRADEN            05364020                                                            000116
2SR. CAIXA, APOS O VENCIMENTO COBRAR 2% DE MULTA                                 NAO RECEBER APOS 30 DIAS DO VENCIMENTO.                                                                                                                                                                                                         11012100000000000001101210000000000000       0090339900006270347353012110000117
100000000000000000000009033990000627000000000000000000000000010002020076175601211100000000002            2  01761756012124012100000004200430000000001N110121000000000000000000000000000000000000000000000000000000000000000100076175685687GILMAR DE OLIVEIRA BRAGA                RUA MARACAJU - 161 AP.202 - NOVA GRANADA            30431350                                                            000119
2SR. CAIXA, APOS O VENCIMENTO COBRAR 2% DE MULTA                                 NAO RECEBER APOS 30 DIAS DO VENCIMENTO.                                                                                                                                                                                                         11012100000000000001101210000000000000       0090339900006270761756012111000120
100000000000000000000009033990000627000000000000000000000000010002020034812201211400000000002            2  01348122012124012100000004005970000000001N110121000000000000000000000000000000000000000000000000000000000000000100034812226880THAIS TORQUATO MIMOSO DE JESUS          RUA ARNALDO CINTRA - 416 AP.104 TORRE 2             03088000                                                            000122
2SR. CAIXA, APOS O VENCIMENTO COBRAR 2% DE MULTA                                 NAO RECEBER APOS 30 DIAS DO VENCIMENTO.                                                                                                                                                                                                         11012100000000000001101210000000000000       0090339900006270348122012114000123
100000000000000000000009033990000627000000000000000000000000010002020012849401211000000000002            2  01128494012126012100000003991550000000001N110121000000000000000000000000000000000000000000000000000000000000000100012849428809MOISES CLAUDIO DO ROSARIO               AVENIDA DR. AUGUSTO DE TOLEDO - 510 AP.1            09541520                                                            000125
2SR. CAIXA, APOS O VENCIMENTO COBRAR 2% DE MULTA                                 NAO RECEBER APOS 30 DIAS DO VENCIMENTO.                                                                                                                                                                                                         11012100000000000001101210000000000000       0090339900006270128494012110000126
100000000000000000000009033990000627000000000000000000000000010002020015702301211000000000002            2  01157023012126012100000002214600000000001N110121000000000000000000000000000000000000000000000000000000000000000100015702353846MARIA DE LOURDES DE MACENO SOUZA        RUA JOSE CALIXTO DO CARMO - 286 AP.83 -             11702690                                                            000128
2SR. CAIXA, APOS O VENCIMENTO COBRAR 2% DE MULTA                                 NAO RECEBER APOS 30 DIAS DO VENCIMENTO.                                                                                                                                                                                                         11012100000000000001101210000000000000       0090339900006270157023012110000129
100000000000000000000009033990000627000000000000000000000000010002020003658601211500000000002            2  01036586012126012100000001648990000000001N110121000000000000000000000000000000000000000000000000000000000000000100003658668814MARINEZ VALENTIN                        RUA JOSE CALIXTO DO CARMO - 286 AP.95 -             11702690                                                            000131
2SR. CAIXA, APOS O VENCIMENTO COBRAR 2% DE MULTA                                 NAO RECEBER APOS 30 DIAS DO VENCIMENTO.                                                                                                                                                                                                         11012100000000000001101210000000000000       0090339900006270036586012115000132
100000000000000000000009033990000627000000000000000000000000010002020003658601212300000000002            2  01036586012126012100000001648980000000001N110121000000000000000000000000000000000000000000000000000000000000000100003658668814MARINEZ VALENTIN                        RUA JOSE CALIXTO DO CARMO - 286 AP.95 -             11702690                                                            000134
2SR. CAIXA, APOS O VENCIMENTO COBRAR 2% DE MULTA                                 NAO RECEBER APOS 30 DIAS DO VENCIMENTO.                                                                                                                                                                                                         11012100000000000001101210000000000000       0090339900006270036586012123000135
100000000000000000000009033990000627000000000000000000000000010002020014087401211300000000002            2  01140874012126012100000002203720000000001N110121000000000000000000000000000000000000000000000000000000000000000100014087484874SERGIO SANTOS DO NASCIMENTO             RUA PANTALEAO BRAZ - 21 - JARDIM ESTER -            05372080                                                            000137
2SR. CAIXA, APOS O VENCIMENTO COBRAR 2% DE MULTA                                 NAO RECEBER APOS 30 DIAS DO VENCIMENTO.                                                                                                                                                                                                         11012100000000000001101210000000000000       0090339900006270140874012113000138
100000000000000000000009033990000627000000000000000000000000010002020026834501211200000000002            2  01268345012126012100000002030470000000001N110121000000000000000000000000000000000000000000000000000000000000000100026834550895RAQUEL CARDOSO JOAO                     RUA PEDROSO XAVIER - 277 AP.23 TORRE 01             02732020                                                            000140
2SR. CAIXA, APOS O VENCIMENTO COBRAR 2% DE MULTA                                 NAO RECEBER APOS 30 DIAS DO VENCIMENTO.                                                                                                                                                                                                         11012100000000000001101210000000000000       0090339900006270268345012112000141
100000000000000000000009033990000627000000000000000000000000010002020039540001211000000000002            2  01395400012126012100000001996240000000001N110121000000000000000000000000000000000000000000000000000000000000000100039540008816LUZINETE CLARINDO SILVA                 RUA DEINOS - 275 - BAIRRO CIDADE SATELIT            08340100                                                            000143
2SR. CAIXA, APOS O VENCIMENTO COBRAR 2% DE MULTA                                 NAO RECEBER APOS 30 DIAS DO VENCIMENTO.                                                                                                                                                                                                         11012100000000000001101210000000000000       0090339900006270395400012110000144
100000000000000000000009033990000627000000000000000000000000010002020003311001211800000000002            2  01033110012126012100000002078840000000001N110121000000000000000000000000000000000000000000000000000000000000000100003311030877SEBASTIAO SARUVA NETO                   RUA HAMILTON REGIS - 559 - BAIRRO DO LIM            08051440                                                            000146
2SR. CAIXA, APOS O VENCIMENTO COBRAR 2% DE MULTA                                 NAO RECEBER APOS 30 DIAS DO VENCIMENTO.                                                                                                                                                                                                         11012100000000000001101210000000000000       0090339900006270033110012118000147
100000000000000000000009033990000627000000000000000000000000010002020090091901211400000000002            2  01900919012126012100000001987080000000001N110121000000000000000000000000000000000000000000000000000000000000000100090091990882JUECIR CARVALHO DA LUZ                  RUA JOSE CALIXTO DO CARMO - 286 AP.114 -            11702690                                                            000149
2SR. CAIXA, APOS O VENCIMENTO COBRAR 2% DE MULTA                                 NAO RECEBER APOS 30 DIAS DO VENCIMENTO.                                                                                                                                                                                                         11012100000000000001101210000000000000       0090339900006270900919012114000150
100000000000000000000009033990000627000000000000000000000000010002020037325901211600000000002            2  01373259012126012100000001626140000000001N110121000000000000000000000000000000000000000000000000000000000000000100037325923830MARIA AUGUSTA OLIVEIRA DE ANDRADE       RUA CAIAPOS - 842 AP.63 - VILA TUPI - PR            11703320                                                            000152
2SR. CAIXA, APOS O VENCIMENTO COBRAR 2% DE MULTA                                 NAO RECEBER APOS 30 DIAS DO VENCIMENTO.                                                                                                                                                                                                         11012100000000000001101210000000000000       0090339900006270373259012116000153
100000000000000000000009033990000627000000000000000000000000010002020012478801211300000000002            2  01124788012124012100000002960480000000001N110121000000000000000000000000000000000000000000000000000000000000000100012478899809VITORIA BATISTA QUEIROZ                 RUA CARVALHO DE FREITAS - 255 AP.71A - V            05728030                                                            000155
2SR. CAIXA, APOS O VENCIMENTO COBRAR 2% DE MULTA                                 NAO RECEBER APOS 30 DIAS DO VENCIMENTO.                                                                                                                                                                                                         11012100000000000001101210000000000000       0090339900006270124788012113000156
9                                                                                                                                                                                                                                                                                                                                                                                                         000157