01REMESSA01COBRANCA       00000000000008017025HB SANTOS CONSTRUTORA E INCORP237BRADESCO       010724        MX0000205                                                                                                                                                                                                                                                                                     000001
100000000000000000000009033990000627000000000000000000000000010002020016479007241900000000002            2  01164790072409072400000006033590000000001N010724000000000000000000000000000000000000000000000000000000000000000100016479002806LOURDES PEREIRA DE QUEIROZ SECANECHIA   RUA PAULINO CURSI - 437 - CIDADE SAO MAT            03960060                                                            000002
2SR. CAIXA, APOS O VENCIMENTO COBRAR 2% DE MULTA                                 NAO RECEBER APOS 30 DIAS DO VENCIMENTO.                                                                                                                                                                                                         01072400000000000000107240000000000000       0090339900006270164790072419000003
100000000000000000000009033990000627000000000000000000000000010002020017229707242900000000002            2  01172297072409072400000004591520000000001N010724000000000000000000000000000000000000000000000000000000000000000100017229751802BERENICE VIEIRA KERSTING                RUA ATIBAIA - 17 AP.417 - BAIRRO IMPERAD            11707380                                                            000005
2SR. CAIXA, APOS O VENCIMENTO COBRAR 2% DE MULTA                                 NAO RECEBER APOS 30 DIAS DO VENCIMENTO.                                                                                                                                                                                                         01072400000000000000107240000000000000       0090339900006270172297072429000006
100000000000000000000009033990000627000000000000000000000000010002020009361407241600000000002            2  01093614072409072400000004380410000000001N010724000000000000000000000000000000000000000000000000000000000000000100009361471805JOSE BARBOSA DA SILVA                   RUA ALFREDO INACIO TRINDADE  - 60 AP.44             02344100                                                            000008
2SR. CAIXA, APOS O VENCIMENTO COBRAR 2% DE MULTA                                 NAO RECEBER APOS 30 DIAS DO VENCIMENTO.                                                                                                                                                                                                         01072400000000000000107240000000000000       0090339900006270093614072416000009
100000000000000000000009033990000627000000000000000000000000010002020012756907241P00000000002            2  01127569072409072400000003781230000000001N010724000000000000000000000000000000000000000000000000000000000000000100012756959812ITAMAR JUVENAL DIAS DA SILVA            RUA ELISEU REINALDO MORAES VIEIRA - 90 A            02858000                                                            000011
2SR. CAIXA, APOS O VENCIMENTO COBRAR 2% DE MULTA                                 NAO RECEBER APOS 30 DIAS DO VENCIMENTO.                                                                                                                                                                                                         01072400000000000000107240000000000000       009033990000627012756907241P000012
100000000000000000000009033990000627000000000000000000000000010002020029433607241300000000002            2  01294336072411072400000003135150000000001N010724000000000000000000000000000000000000000000000000000000000000000100029433631897MARIO MUNIZ                             RUA JOSE CALIXTO DO CARMO - 286 AP.53 -             11702690                                                            000014
2SR. CAIXA, APOS O VENCIMENTO COBRAR 2% DE MULTA                                 NAO RECEBER APOS 30 DIAS DO VENCIMENTO.                                                                                                                                                                                                         01072400000000000000107240000000000000       0090339900006270294336072413000015
100000000000000000000009033990000627000000000000000000000000010002020005029807241600000000002            2  01050298072409072400000003855180000000001N010724000000000000000000000000000000000000000000000000000000000000000100005029828885LAURINETE DA CONCEICAO DE NORONHA       RUA MARIA LUCIA DE TOLEDO LEITE MORAES -            04434040                                                            000017
2SR. CAIXA, APOS O VENCIMENTO COBRAR 2% DE MULTA                                 NAO RECEBER APOS 30 DIAS DO VENCIMENTO.                                                                                                                                                                                                         01072400000000000000107240000000000000       0090339900006270050298072416000018
100000000000000000000009033990000627000000000000000000000000010002020013388907241800000000002            2  01133889072411072400000003056310000000001N010724000000000000000000000000000000000000000000000000000000000000000100013388936889NEUTON DE SOUZA RAMOS                   RUA JOSE CALIXTO DO CARMO - 286 AP.61 -             11702690                                                            000020
2SR. CAIXA, APOS O VENCIMENTO COBRAR 2% DE MULTA                                 NAO RECEBER APOS 30 DIAS DO VENCIMENTO.                                                                                                                                                                                                         01072400000000000000107240000000000000       0090339900006270133889072418000021
100000000000000000000009033990000627000000000000000000000000010002020012774907241800000000002            2  01127749072411072400000003113680000000001N010724000000000000000000000000000000000000000000000000000000000000000100012774906865JOSE MILTON SANTIAGO                    RUA BATATAIS - 47 - CIDADE ESTELA - POA             08563140                                                            000023
2SR. CAIXA, APOS O VENCIMENTO COBRAR 2% DE MULTA                                 NAO RECEBER APOS 30 DIAS DO VENCIMENTO.                                                                                                                                                                                                         01072400000000000000107240000000000000       0090339900006270127749072418000024
100000000000000000000009033990000627000000000000000000000000010002020007574907241800000000002            2  01075749072411072400000002939560000000001N010724000000000000000000000000000000000000000000000000000000000000000100007574936889JORGE LUCIANO PEREIRA BORRIELLO         RUA JOSE CALIXTO DO CARMO - 286 AP.54 -             11702690                                                            000026
2SR. CAIXA, APOS O VENCIMENTO COBRAR 2% DE MULTA                                 NAO RECEBER APOS 30 DIAS DO VENCIMENTO.                                                                                                                                                                                                         01072400000000000000107240000000000000       0090339900006270075749072418000027
100000000000000000000009033990000627000000000000000000000000010002020008214907241000000000002            2  01082149072411072400000002984140000000001N010724000000000000000000000000000000000000000000000000000000000000000100008214973830JAMIL CHALA                             RUA JOSE CALIXTO DO CARMO - 286 AP.22 -             11702690                                                            000029
2SR. CAIXA, APOS O VENCIMENTO COBRAR 2% DE MULTA                                 NAO RECEBER APOS 30 DIAS DO VENCIMENTO.                                                                                                                                                                                                         01072400000000000000107240000000000000       0090339900006270082149072410000030
100000000000000000000009033990000627000000000000000000000000010002020032495007241800000000002            2  01324950072411072400000003344130000000001N010724000000000000000000000000000000000000000000000000000000000000000100032495004881PAULO EDUARDO DOS SANTOS                RUA REPUBLICA DO IRAQUE - 1119 - CAMPO B            04611002                                                            000032
2SR. CAIXA, APOS O VENCIMENTO COBRAR 2% DE MULTA                                 NAO RECEBER APOS 30 DIAS DO VENCIMENTO.                                                                                                                                                                                                         01072400000000000000107240000000000000       0090339900006270324950072418000033
100000000000000000000009033990000627000000000000000000000000010002020029339007241400000000002            2  01293390072411072400000003136210000000001N010724000000000000000000000000000000000000000000000000000000000000000100029339051831RONALD DIDOFF                           RUA CORONEL FERREIRA BRAGA - 188 - VILA             03522010                                                            000035
2SR. CAIXA, APOS O VENCIMENTO COBRAR 2% DE MULTA                                 NAO RECEBER APOS 30 DIAS DO VENCIMENTO.                                                                                                                                                                                                         01072400000000000000107240000000000000       0090339900006270293390072414000036
100000000000000000000009033990000627000000000000000000000000010002020017357807241600000000002            2  01173578072411072400000003321530000000001N010724000000000000000000000000000000000000000000000000000000000000000100017357859894MARCIO GUIMARAES                        RUA GENERAL CAMARA - 188 SALA 11 - CENTR            11010120                                                            000038
2SR. CAIXA, APOS O VENCIMENTO COBRAR 2% DE MULTA                                 NAO RECEBER APOS 30 DIAS DO VENCIMENTO.                                                                                                                                                                                                         01072400000000000000107240000000000000       0090339900006270173578072416000039
100000000000000000000009033990000627000000000000000000000000010002020005529607241000000000002            2  01055296072411072400000003091200000000001N010724000000000000000000000000000000000000000000000000000000000000000100005529616801JOAQUIM JORGE DA COSTA                  RUA JOSE CALIXTO DO CARMO - 286 AP.106 -            11702690                                                            000041
2SR. CAIXA, APOS O VENCIMENTO COBRAR 2% DE MULTA                                 NAO RECEBER APOS 30 DIAS DO VENCIMENTO.                                                                                                                                                                                                         01072400000000000000107240000000000000       0090339900006270055296072410000042
100000000000000000000009033990000627000000000000000000000000010002020015550707241700000000002            2  01155507072409072400000002922230000000001N010724000000000000000000000000000000000000000000000000000000000000000100015550706806MARY MIWA                               RUA CARLOS JOSE BORSTENS - 50 AP.105 - A            11702750                                                            000044
2SR. CAIXA, APOS O VENCIMENTO COBRAR 2% DE MULTA                                 NAO RECEBER APOS 30 DIAS DO VENCIMENTO.                                                                                                                                                                                                         01072400000000000000107240000000000000       0090339900006270155507072417000045
100000000000000000000009033990000627000000000000000000000000010002020015464607241700000000002            2  01154646072411072400000003249600000000001N010724000000000000000000000000000000000000000000000000000000000000000100015464647864SONIA TERESA VOLPATO                    RUA JOSE CALIXTO DO CARMO - 286 AP.73 -             11702690                                                            000047
2SR. CAIXA, APOS O VENCIMENTO COBRAR 2% DE MULTA                                 NAO RECEBER APOS 30 DIAS DO VENCIMENTO.                                                                                                                                                                                                         01072400000000000000107240000000000000       0090339900006270154646072417000048
100000000000000000000009033990000627000000000000000000000000010002020008657807241600000000002            2  01086578072411072400000003216990000000001N010724000000000000000000000000000000000000000000000000000000000000000100008657886855ARLINDO DA CRUZ                         AVENIDA ARICANDUVA - 8.256 AP.54 BL.10 -            03951220                                                            000050
2SR. CAIXA, APOS O VENCIMENTO COBRAR 2% DE MULTA                                 NAO RECEBER APOS 30 DIAS DO VENCIMENTO.                                                                                                                                                                                                         01072400000000000000107240000000000000       0090339900006270086578072416000051
100000000000000000000009033990000627000000000000000000000000010002020059735107241400000000002            2  01597351072409072400000001818710000000001N010724000000000000000000000000000000000000000000000000000000000000000100059735180863HELIO JOSE MARQUES                      RUA MARTIM AFONSO DE SOUZA - 1007 AP.102            11702790                                                            000053
2SR. CAIXA, APOS O VENCIMENTO COBRAR 2% DE MULTA                                 NAO RECEBER APOS 30 DIAS DO VENCIMENTO.                                                                                                                                                                                                         01072400000000000000107240000000000000       0090339900006270597351072414000054
100000000000000000000009033990000627000000000000000000000000010002020026347807241800000000002            2  01263478072411072400000003438860000000001N010724000000000000000000000000000000000000000000000000000000000000000100026347872862VALDECI SILVA MEIRELES                  RUA JOSE BATISTA DA SILVA - 292 - JARDIM            06851470                                                            000056
2SR. CAIXA, APOS O VENCIMENTO COBRAR 2% DE MULTA                                 NAO RECEBER APOS 30 DIAS DO VENCIMENTO.                                                                                                                                                                                                         01072400000000000000107240000000000000       0090339900006270263478072418000057
100000000000000000000009033990000627000000000000000000000000010002020009797607241P00000000002            2  01097976072411072400000003076920000000001N010724000000000000000000000000000000000000000000000000000000000000000100009797626857RICARDO SOBRAL DE OLIVEIRA              RUA 23 DE MAIO - 139 AP.32 - VILA MIRIM             11704690                                                            000059
2SR. CAIXA, APOS O VENCIMENTO COBRAR 2% DE MULTA                                 NAO RECEBER APOS 30 DIAS DO VENCIMENTO.                                                                                                                                                                                                         01072400000000000000107240000000000000       009033990000627009797607241P000060
100000000000000000000009033990000627000000000000000000000000010002020022728407241000000000002            2  01227284072411072400000003329470000000001N010724000000000000000000000000000000000000000000000000000000000000000100022728497842WILLIAN DE SOUZA MELLO                  RUA JOSE CALIXTO DO CARMO - 286 AP.111 -            11702690                                                            000062
2SR. CAIXA, APOS O VENCIMENTO COBRAR 2% DE MULTA                                 NAO RECEBER APOS 30 DIAS DO VENCIMENTO.                                                                                                                                                                                                         01072400000000000000107240000000000000       0090339900006270227284072410000063
100000000000000000000009033990000627000000000000000000000000010002020016909707241500000000002            2  01169097072411072400000002942210000000001N010724000000000000000000000000000000000000000000000000000000000000000100016909746805EDIVALDO SANTANA DOS SANTOS             ESTRADA JOAO GASPAR DELGADO - 80 AP.213             08536100                                                            000065
2SR. CAIXA, APOS O VENCIMENTO COBRAR 2% DE MULTA                                 NAO RECEBER APOS 30 DIAS DO VENCIMENTO.                                                                                                                                                                                                         01072400000000000000107240000000000000       0090339900006270169097072415000066
100000000000000000000009033990000627000000000000000000000000010002020022036007241200000000002            2  01220360072409072400000004568230000000001N010724000000000000000000000000000000000000000000000000000000000000000100022036003818DERLIS TERAN QUIROGA ROGATO             RUA CARLOS JOSE BORSTENS - 50 AP.114 - A            11702750                                                            000068
2SR. CAIXA, APOS O VENCIMENTO COBRAR 2% DE MULTA                                 NAO RECEBER APOS 30 DIAS DO VENCIMENTO.                                                                                                                                                                                                         01072400000000000000107240000000000000       0090339900006270220360072412000069
100000000000000000000009033990000627000000000000000000000000010002020017229707243700000000002            2  01172297072409072400000004408720000000001N010724000000000000000000000000000000000000000000000000000000000000000100017229751802BERENICE VIEIRA KERSTING                RUA ATIBAIA - 17 AP.417 - BAIRRO IMPERAD            11707380                                                            000071
2SR. CAIXA, APOS O VENCIMENTO COBRAR 2% DE MULTA                                 NAO RECEBER APOS 30 DIAS DO VENCIMENTO.                                                                                                                                                                                                         01072400000000000000107240000000000000       0090339900006270172297072437000072
100000000000000000000009033990000627000000000000000000000000010002020033451607241300000000002            2  01334516072411072400000002663210000000001N010724000000000000000000000000000000000000000000000000000000000000000100033451620839ARAO ELISIARIO  NUNES                   RUA JOSE CALIXTO DO CARMO - 286 AP.64 -             11702690                                                            000074
2SR. CAIXA, APOS O VENCIMENTO COBRAR 2% DE MULTA                                 NAO RECEBER APOS 30 DIAS DO VENCIMENTO.                                                                                                                                                                                                         01072400000000000000107240000000000000       0090339900006270334516072413000075
100000000000000000000009033990000627000000000000000000000000010002020011369107241100000000002            2  01113691072411072400000002909220000000001N010724000000000000000000000000000000000000000000000000000000000000000100011369165803ELIANA CORREA DE OLIVEIRA               RUA MAESTRO ZEFERINO SANTANA - 65 - VILA            18040010                                                            000077
2SR. CAIXA, APOS O VENCIMENTO COBRAR 2% DE MULTA                                 NAO RECEBER APOS 30 DIAS DO VENCIMENTO.                                                                                                                                                                                                         01072400000000000000107240000000000000       0090339900006270113691072411000078
100000000000000000000009033990000627000000000000000000000000010002020002253807241500000000002            2  01022538072411072400000002585730000000001N010724000000000000000000000000000000000000000000000000000000000000000100002253816809EDMILSON ALVES DA SILVA                 RUA JOSE CALIXTO DO CARMO - 286 AP.93 -             11702690                                                            000080
2SR. CAIXA, APOS O VENCIMENTO COBRAR 2% DE MULTA                                 NAO RECEBER APOS 30 DIAS DO VENCIMENTO.                                                                                                                                                                                                         01072400000000000000107240000000000000       0090339900006270022538072415000081
100000000000000000000009033990000627000000000000000000000000010002020037517707241500000000002            2  01375177072409072400000004845330000000001N010724000000000000000000000000000000000000000000000000000000000000000100037517785869RENATO JOSE DE LIMA MELO                RUA ARISTIDES LOBO - 148 AP.41 BLOCO 03             03041100                                                            000083
2SR. CAIXA, APOS O VENCIMENTO COBRAR 2% DE MULTA                                 NAO RECEBER APOS 30 DIAS DO VENCIMENTO.                                                                                                                                                                                                         01072400000000000000107240000000000000       0090339900006270375177072415000084
100000000000000000000009033990000627000000000000000000000000010002020070367907241600000000002            2  01703679072411072400000002428180000000001N010724000000000000000000000000000000000000000000000000000000000000000100070367949849TEODOMIRO ALVES DOS SANTOS              RUA ANDRE PAZ - 13 - JARDIM SANTO ANDRE             08390230                                                            000086
2SR. CAIXA, APOS O VENCIMENTO COBRAR 2% DE MULTA                                 NAO RECEBER APOS 30 DIAS DO VENCIMENTO.                                                                                                                                                                                                         01072400000000000000107240000000000000       0090339900006270703679072416000087
100000000000000000000009033990000627000000000000000000000000010002020004410807241500000000002            2  01044108072409072400000003600130000000001N010724000000000000000000000000000000000000000000000000000000000000000100004410802860LUIZ ALBERTO MARINHO                    AVENIDA BOSQUE DA SAUDE - 546 AP11 -  -             04142081                                                            000089
2SR. CAIXA, APOS O VENCIMENTO COBRAR 2% DE MULTA                                 NAO RECEBER APOS 30 DIAS DO VENCIMENTO.                                                                                                                                                                                                         01072400000000000000107240000000000000       0090339900006270044108072415000090
100000000000000000000009033990000627000000000000000000000000010002020004767607241000000000002            2  01047676072409072400000004806050000000001N010724000000000000000000000000000000000000000000000000000000000000000100004767679893ORLANDO GRANDE FILHO                    RUA ORLANDO MIGLIARI - 101 - JARDIM OURO            19906140                                                            000092
2SR. CAIXA, APOS O VENCIMENTO COBRAR 2% DE MULTA                                 NAO RECEBER APOS 30 DIAS DO VENCIMENTO.                                                                                                                                                                                                         01072400000000000000107240000000000000       0090339900006270047676072410000093
100000000000000000000009033990000627000000000000000000000000010002020064677807241600000000002            2  01646778072409072400000003866110000000001N010724000000000000000000000000000000000000000000000000000000000000000100064677850887ANTONIO CARLOS DE OLIVEIRA              RUA DR.ANTONIO MAZILLI FILHO - 435 - PAR            02230070                                                            000095
2SR. CAIXA, APOS O VENCIMENTO COBRAR 2% DE MULTA                                 NAO RECEBER APOS 30 DIAS DO VENCIMENTO.                                                                                                                                                                                                         01072400000000000000107240000000000000       0090339900006270646778072416000096
100000000000000000000009033990000627000000000000000000000000010002020058488607241900000000002            2  01584886072409072400000003526200000000001N010724000000000000000000000000000000000000000000000000000000000000000100058488618972ADAILTON ZANUTTO MORESCHI               R:RAPHAEL UNGARO - COND.RESERVA SERRA Q.            13212138                                                            000098
2SR. CAIXA, APOS O VENCIMENTO COBRAR 2% DE MULTA                                 NAO RECEBER APOS 30 DIAS DO VENCIMENTO.                                                                                                                                                                                                         01072400000000000000107240000000000000       0090339900006270584886072419000099
100000000000000000000009033990000627000000000000000000000000010002020031861507241100000000002            2  01318615072411072400000002756250000000001N010724000000000000000000000000000000000000000000000000000000000000000100031861586809VANIA TOMAZ                              -  -  -  -                                         00000000                                                            000101
2SR. CAIXA, APOS O VENCIMENTO COBRAR 2% DE MULTA                                 NAO RECEBER APOS 30 DIAS DO VENCIMENTO.                                                                                                                                                                                                         01072400000000000000107240000000000000       0090339900006270318615072411000102
100000000000000000000009033990000627000000000000000000000000010002020007715307241300000000002            2  01077153072409072400000004336820000000001N010724000000000000000000000000000000000000000000000000000000000000000100007715360627NILTON RENNAN OLIVEIRA GOMES FILHO      RUA CARLOS JOSE BORSTENS - 50 AP.21 - AV            11702750                                                            000104
2SR. CAIXA, APOS O VENCIMENTO COBRAR 2% DE MULTA                                 NAO RECEBER APOS 30 DIAS DO VENCIMENTO.                                                                                                                                                                                                         01072400000000000000107240000000000000       0090339900006270077153072413000105
100000000000000000000009033990000627000000000000000000000000010002020007194007241400000000002            2  01071940072411072400000003082170000000001N010724000000000000000000000000000000000000000000000000000000000000000100007194010895RAUL AMANTINO KIRK DE SANCTIS           AVENIDA SANTA CATARINA - 756 AP.01 - VIL            04378000                                                            000107
2SR. CAIXA, APOS O VENCIMENTO COBRAR 2% DE MULTA                                 NAO RECEBER APOS 30 DIAS DO VENCIMENTO.                                                                                                                                                                                                         01072400000000000000107240000000000000       0090339900006270071940072414000108
100000000000000000000009033990000627000000000000000000000000010002020011141507241300000000002            2  01111415072411072400000003238790000000001N010724000000000000000000000000000000000000000000000000000000000000000100011141508869PAULO ROBERTO TUNES SILVA               RUA PETROBRAS - 405 CASA 07 - VILA ANTON            03474060                                                            000110
2SR. CAIXA, APOS O VENCIMENTO COBRAR 2% DE MULTA                                 NAO RECEBER APOS 30 DIAS DO VENCIMENTO.                                                                                                                                                                                                         01072400000000000000107240000000000000       0090339900006270111415072413000111
100000000000000000000009033990000627000000000000000000000000010002020011261307241700000000002            2  01112613072409072400000004305760000000001N010724000000000000000000000000000000000000000000000000000000000000000100011261359844JOVANETE DOS SANTOS PASSOS              RUA FULVIO MORGANTI - 672 - JARDIM PARAI            02417170                                                            000113
2SR. CAIXA, APOS O VENCIMENTO COBRAR 2% DE MULTA                                 NAO RECEBER APOS 30 DIAS DO VENCIMENTO.                                                                                                                                                                                                         01072400000000000000107240000000000000       0090339900006270112613072417000114
100000000000000000000009033990000627000000000000000000000000010002020036279307241600000000002            2  01362793072409072400000003827540000000001N010724000000000000000000000000000000000000000000000000000000000000000100036279398838BRUNO DOCINI ORTEGA                     RUA GENERAL EUCLIDES FIGUEIREDO - 146 AP            11700780                                                            000116
2SR. CAIXA, APOS O VENCIMENTO COBRAR 2% DE MULTA                                 NAO RECEBER APOS 30 DIAS DO VENCIMENTO.                                                                                                                                                                                                         01072400000000000000107240000000000000       0090339900006270362793072416000117
100000000000000000000009033990000627000000000000000000000000010002020008475107241600000000002            2  01084751072409072400000004313760000000001N010724000000000000000000000000000000000000000000000000000000000000000100008475110819HELENA ROSA DOS SANTOS                  AVENIDA ZELIA - 278 CASA 02 - PARQUE DOS            06436000                                                            000119
2SR. CAIXA, APOS O VENCIMENTO COBRAR 2% DE MULTA                                 NAO RECEBER APOS 30 DIAS DO VENCIMENTO.                                                                                                                                                                                                         01072400000000000000107240000000000000       0090339900006270084751072416000120
100000000000000000000009033990000627000000000000000000000000010002020001098207241500000000002            2  01010982072409072400000004716900000000001N010724000000000000000000000000000000000000000000000000000000000000000100001098222857JANDIRA DOS SANTOS PASSOS               RUA FULVIO MORGANTI - 672 - JARDIM PARAI            02417170                                                            000122
2SR. CAIXA, APOS O VENCIMENTO COBRAR 2% DE MULTA                                 NAO RECEBER APOS 30 DIAS DO VENCIMENTO.                                                                                                                                                                                                         01072400000000000000107240000000000000       0090339900006270010982072415000123
9                                                                                                                                                                                                                                                                                                                                                                                                         000124