01REMESSA01COBRANCA       00000000000008017025HB SANTOS CONSTRUTORA E INCORP237BRADESCO       010621        MX0000129                                                                                                                                                                                                                                                                                     000001
100000000000000000000009033990000627000000000000000000000000010002020016479006211100000000002            2  01164790062109062100000004406850000000001N010621000000000000000000000000000000000000000000000000000000000000000100016479002806LOURDES PEREIRA DE QUEIROZ SECANECHIA   RUA PAULINO CURSI - 437 - CIDADE SAO MAT            03960060                                                            000002
2SR. CAIXA, APOS O VENCIMENTO COBRAR 2% DE MULTA                                 NAO RECEBER APOS 30 DIAS DO VENCIMENTO.                                                                                                                                                                                                         01062100000000000000106210000000000000       0090339900006270164790062111000003
100000000000000000000009033990000627000000000000000000000000010002020009361406211900000000002            2  01093614062109062100000003199370000000001N010621000000000000000000000000000000000000000000000000000000000000000100009361471805JOSE BARBOSA DA SILVA                   RUA ALFREDO INACIO TRINDADE  - 60 AP.44             02344100                                                            000005
2SR. CAIXA, APOS O VENCIMENTO COBRAR 2% DE MULTA                                 NAO RECEBER APOS 30 DIAS DO VENCIMENTO.                                                                                                                                                                                                         01062100000000000000106210000000000000       0090339900006270093614062119000006
100000000000000000000009033990000627000000000000000000000000010002020012756906211200000000002            2  01127569062109062100000002761780000000001N010621000000000000000000000000000000000000000000000000000000000000000100012756959812ITAMAR JUVENAL DIAS DA SILVA            RUA ELISEU REINALDO MORAES VIEIRA - 90 A            02858000                                                            000008
2SR. CAIXA, APOS O VENCIMENTO COBRAR 2% DE MULTA                                 NAO RECEBER APOS 30 DIAS DO VENCIMENTO.                                                                                                                                                                                                         01062100000000000000106210000000000000       0090339900006270127569062112000009
100000000000000000000009033990000627000000000000000000000000010002020028802106211800000000002            2  01288021062109062100000002948350000000001N010621000000000000000000000000000000000000000000000000000000000000000100028802158894ELIEL HENRIQUE ZUZA                     RUA CARLOS JOSE BORSTENS - 50 AP.43 - BA            11702750                                                            000011
2SR. CAIXA, APOS O VENCIMENTO COBRAR 2% DE MULTA                                 NAO RECEBER APOS 30 DIAS DO VENCIMENTO.                                                                                                                                                                                                         01062100000000000000106210000000000000       0090339900006270288021062118000012
100000000000000000000009033990000627000000000000000000000000010002020005313706211800000000002            2  01053137062111062100000002383270000000001N010621000000000000000000000000000000000000000000000000000000000000000100005313717863EDIMICIO JOSE DE ARAUJO                 RUA JOSE CALIXTO DO CARMO - 286 AP.101 -            11702690                                                            000014
2SR. CAIXA, APOS O VENCIMENTO COBRAR 2% DE MULTA                                 NAO RECEBER APOS 30 DIAS DO VENCIMENTO.                                                                                                                                                                                                         01062100000000000000106210000000000000       0090339900006270053137062118000015
100000000000000000000009033990000627000000000000000000000000010002020029433606211600000000002            2  01294336062111062100000002289530000000001N010621000000000000000000000000000000000000000000000000000000000000000100029433631897MARIO MUNIZ                             RUA JOSE CALIXTO DO CARMO - 286 AP.53 -             11702690                                                            000017
2SR. CAIXA, APOS O VENCIMENTO COBRAR 2% DE MULTA                                 NAO RECEBER APOS 30 DIAS DO VENCIMENTO.                                                                                                                                                                                                         01062100000000000000106210000000000000       0090339900006270294336062116000018
100000000000000000000009033990000627000000000000000000000000010002020005029806211900000000002            2  01050298062109062100000002815780000000001N010621000000000000000000000000000000000000000000000000000000000000000100005029828885LAURINETE DA CONCEICAO DE NORONHA       RUA MARIA LUCIA DE TOLEDO LEITE MORAES -            04434040                                                            000020
2SR. CAIXA, APOS O VENCIMENTO COBRAR 2% DE MULTA                                 NAO RECEBER APOS 30 DIAS DO VENCIMENTO.                                                                                                                                                                                                         01062100000000000000106210000000000000       0090339900006270050298062119000021
100000000000000000000009033990000627000000000000000000000000010002020013388906211000000000002            2  01133889062111062100000002231920000000001N010621000000000000000000000000000000000000000000000000000000000000000100013388936889NEUTON DE SOUZA RAMOS                   RUA MARIA CRISTINA - 932 - JARDIM CASQUE            11533160                                                            000023
2SR. CAIXA, APOS O VENCIMENTO COBRAR 2% DE MULTA                                 NAO RECEBER APOS 30 DIAS DO VENCIMENTO.                                                                                                                                                                                                         01062100000000000000106210000000000000       0090339900006270133889062110000024
100000000000000000000009033990000627000000000000000000000000010002020012774906211000000000002            2  01127749062111062100000002273840000000001N010621000000000000000000000000000000000000000000000000000000000000000100012774906865JOSE MILTON SANTIAGO                    RUA BATATAIS - 47 - CIDADE ESTELA - POA             08563140                                                            000026
2SR. CAIXA, APOS O VENCIMENTO COBRAR 2% DE MULTA                                 NAO RECEBER APOS 30 DIAS DO VENCIMENTO.                                                                                                                                                                                                         01062100000000000000106210000000000000       0090339900006270127749062110000027
100000000000000000000009033990000627000000000000000000000000010002020016294106211600000000002            2  01162941062109062100000002795590000000001N010621000000000000000000000000000000000000000000000000000000000000000100016294119812JURACY FELIX DE ARRUDA                  RUA CARLOS JOSE BORSTENS - 50 AP.23 - AV            11702750                                                            000029
2SR. CAIXA, APOS O VENCIMENTO COBRAR 2% DE MULTA                                 NAO RECEBER APOS 30 DIAS DO VENCIMENTO.                                                                                                                                                                                                         01062100000000000000106210000000000000       0090339900006270162941062116000030
100000000000000000000009033990000627000000000000000000000000010002020005613806211000000000002            2  01056138062111062100000002091300000000001N010621000000000000000000000000000000000000000000000000000000000000000100005613843805NILZA MARIA DE OLIVEIRA                 RUA JOSE GONCALVES DE FREITAS - 66 C2 -             08210550                                                            000032
2SR. CAIXA, APOS O VENCIMENTO COBRAR 2% DE MULTA                                 NAO RECEBER APOS 30 DIAS DO VENCIMENTO.                                                                                                                                                                                                         01062100000000000000106210000000000000       0090339900006270056138062110000033
100000000000000000000009033990000627000000000000000000000000010002020007574906211000000000002            2  01075749062111062100000002146660000000001N010621000000000000000000000000000000000000000000000000000000000000000100007574936889JORGE LUCIANO PEREIRA BORRIELLO         RUA JOSE CALIXTO DO CARMO - 286 AP.54 -             11702690                                                            000035
2SR. CAIXA, APOS O VENCIMENTO COBRAR 2% DE MULTA                                 NAO RECEBER APOS 30 DIAS DO VENCIMENTO.                                                                                                                                                                                                         01062100000000000000106210000000000000       0090339900006270075749062110000036
100000000000000000000009033990000627000000000000000000000000010002020008214906211300000000002            2  01082149062111062100000002179220000000001N010621000000000000000000000000000000000000000000000000000000000000000100008214973830JAMIL CHALA                             RUA JOSE CALIXTO DO CARMO - 286 AP.22 -             11702690                                                            000038
2SR. CAIXA, APOS O VENCIMENTO COBRAR 2% DE MULTA                                 NAO RECEBER APOS 30 DIAS DO VENCIMENTO.                                                                                                                                                                                                         01062100000000000000106210000000000000       0090339900006270082149062113000039
100000000000000000000009033990000627000000000000000000000000010002020032495006211000000000002            2  01324950062111062100000002442100000000001N010621000000000000000000000000000000000000000000000000000000000000000100032495004881PAULO EDUARDO DOS SANTOS                RUA REPUBLICA DO IRAQUE - 1119 - CAMPO B            04611002                                                            000041
2SR. CAIXA, APOS O VENCIMENTO COBRAR 2% DE MULTA                                 NAO RECEBER APOS 30 DIAS DO VENCIMENTO.                                                                                                                                                                                                         01062100000000000000106210000000000000       0090339900006270324950062110000042
100000000000000000000009033990000627000000000000000000000000010002020016498006211800000000002            2  01164980062111062100000002141800000000001N010621000000000000000000000000000000000000000000000000000000000000000100016498053810GILMA CEZARIO GARCIA CORRITORI          RUA LAURENTINO XAVIER DOS SANTOS - 336 -            08240740                                                            000044
2SR. CAIXA, APOS O VENCIMENTO COBRAR 2% DE MULTA                                 NAO RECEBER APOS 30 DIAS DO VENCIMENTO.                                                                                                                                                                                                         01062100000000000000106210000000000000       0090339900006270164980062118000045
100000000000000000000009033990000627000000000000000000000000010002020029339006211700000000002            2  01293390062111062100000002290270000000001N010621000000000000000000000000000000000000000000000000000000000000000100029339051831RONALD DIDOFF                           RUA CORONEL FERREIRA BRAGA - 188 - VILA             03522010                                                            000047
2SR. CAIXA, APOS O VENCIMENTO COBRAR 2% DE MULTA                                 NAO RECEBER APOS 30 DIAS DO VENCIMENTO.                                                                                                                                                                                                         01062100000000000000106210000000000000       0090339900006270293390062117000048
100000000000000000000009033990000627000000000000000000000000010002020017357806211900000000002            2  01173578062111062100000002425610000000001N010621000000000000000000000000000000000000000000000000000000000000000100017357859894MARCIO GUIMARAES                        RUA GENERAL CAMARA - 188 SALA 11 - CENTR            11010120                                                            000050
2SR. CAIXA, APOS O VENCIMENTO COBRAR 2% DE MULTA                                 NAO RECEBER APOS 30 DIAS DO VENCIMENTO.                                                                                                                                                                                                         01062100000000000000106210000000000000       0090339900006270173578062119000051
100000000000000000000009033990000627000000000000000000000000010002020010563006211900000000002            2  01105630062111062100000002487590000000001N010621000000000000000000000000000000000000000000000000000000000000000100010563033878VERA LUCIA RIBEIRO LONGANEZI            RUA DOS CAMARES - 150 AP.24 BL.02 - CARA            02068030                                                            000053
2SR. CAIXA, APOS O VENCIMENTO COBRAR 2% DE MULTA                                 NAO RECEBER APOS 30 DIAS DO VENCIMENTO.                                                                                                                                                                                                         01062100000000000000106210000000000000       0090339900006270105630062119000054
100000000000000000000009033990000627000000000000000000000000010002020005529606211300000000002            2  01055296062111062100000002257410000000001N010621000000000000000000000000000000000000000000000000000000000000000100005529616801JOAQUIM JORGE DA COSTA                  RUA JOSE CALIXTO DO CARMO - 286 AP.106 -            11702690                                                            000056
2SR. CAIXA, APOS O VENCIMENTO COBRAR 2% DE MULTA                                 NAO RECEBER APOS 30 DIAS DO VENCIMENTO.                                                                                                                                                                                                         01062100000000000000106210000000000000       0090339900006270055296062113000057
100000000000000000000009033990000627000000000000000000000000010002020022014106211800000000002            2  01220141062111062100000002250830000000001N010621000000000000000000000000000000000000000000000000000000000000000100022014140847CAMILA SILVEIRA CANIZARES               AVENIDA PRESIDENTE CASTELO BRANCO - 5.74            11703650                                                            000059
2SR. CAIXA, APOS O VENCIMENTO COBRAR 2% DE MULTA                                 NAO RECEBER APOS 30 DIAS DO VENCIMENTO.                                                                                                                                                                                                         01062100000000000000106210000000000000       0090339900006270220141062118000060
100000000000000000000009033990000627000000000000000000000000010002020015550706211P00000000002            2  01155507062109062100000002134360000000001N010621000000000000000000000000000000000000000000000000000000000000000100015550706806MARY MIWA                               RUA CARLOS JOSE BORSTENS - 50 AP.105 - A            11702750                                                            000062
2SR. CAIXA, APOS O VENCIMENTO COBRAR 2% DE MULTA                                 NAO RECEBER APOS 30 DIAS DO VENCIMENTO.                                                                                                                                                                                                         01062100000000000000106210000000000000       009033990000627015550706211P000063
100000000000000000000009033990000627000000000000000000000000010002020015464606211P00000000002            2  01154646062111062100000002373080000000001N010621000000000000000000000000000000000000000000000000000000000000000100015464647864SONIA TERESA VOLPATO                    RUA JOSE CALIXTO DO CARMO - 286 AP.73 -             11702690                                                            000065
2SR. CAIXA, APOS O VENCIMENTO COBRAR 2% DE MULTA                                 NAO RECEBER APOS 30 DIAS DO VENCIMENTO.                                                                                                                                                                                                         01062100000000000000106210000000000000       009033990000627015464606211P000066
100000000000000000000009033990000627000000000000000000000000010002020008657806211900000000002            2  01086578062111062100000002349260000000001N010621000000000000000000000000000000000000000000000000000000000000000100008657886855ARLINDO DA CRUZ                         AVENIDA ARICANDUVA - 8.256 AP.54 BL.10 -            03951220                                                            000068
2SR. CAIXA, APOS O VENCIMENTO COBRAR 2% DE MULTA                                 NAO RECEBER APOS 30 DIAS DO VENCIMENTO.                                                                                                                                                                                                         01062100000000000000106210000000000000       0090339900006270086578062119000069
100000000000000000000009033990000627000000000000000000000000010002020004265706211900000000002            2  01042657062109062100000003144900000000001N010621000000000000000000000000000000000000000000000000000000000000000100004265781713ALEXANDRE CASADO COSTA                  RUA CARLOS JOSE BORSTENS - 50 AP.33 - AV            11702750                                                            000071
2SR. CAIXA, APOS O VENCIMENTO COBRAR 2% DE MULTA                                 NAO RECEBER APOS 30 DIAS DO VENCIMENTO.                                                                                                                                                                                                         01062100000000000000106210000000000000       0090339900006270042657062119000072
100000000000000000000009033990000627000000000000000000000000010002020059735106211700000000002            2  01597351062109062100000001328340000000001N010621000000000000000000000000000000000000000000000000000000000000000100059735180863HELIO JOSE MARQUES                      RUA MARTIM AFONSO DE SOUZA - 1007 AP.102            11702790                                                            000074
2SR. CAIXA, APOS O VENCIMENTO COBRAR 2% DE MULTA                                 NAO RECEBER APOS 30 DIAS DO VENCIMENTO.                                                                                                                                                                                                         01062100000000000000106210000000000000       0090339900006270597351062117000075
100000000000000000000009033990000627000000000000000000000000010002020026347806211000000000002            2  01263478062111062100000002511290000000001N010621000000000000000000000000000000000000000000000000000000000000000100026347872862VALDECI SILVA MEIRELES                  RUA JOSE BATISTA DA SILVA - 292 - JARDIM            06851470                                                            000077
2SR. CAIXA, APOS O VENCIMENTO COBRAR 2% DE MULTA                                 NAO RECEBER APOS 30 DIAS DO VENCIMENTO.                                                                                                                                                                                                         01062100000000000000106210000000000000       0090339900006270263478062110000078
100000000000000000000009033990000627000000000000000000000000010002020025443606211100000000002            2  01254436062109062100000004549300000000001N010621000000000000000000000000000000000000000000000000000000000000000100025443691830SILVANETE PEREIRA CARNELOS              RUA CARLOS JOSE BORSTENS - 50 AP.102 - A            11702750                                                            000080
2SR. CAIXA, APOS O VENCIMENTO COBRAR 2% DE MULTA                                 NAO RECEBER APOS 30 DIAS DO VENCIMENTO.                                                                                                                                                                                                         01062100000000000000106210000000000000       0090339900006270254436062111000081
100000000000000000000009033990000627000000000000000000000000010002020009797606211200000000002            2  01097976062111062100000002247020000000001N010621000000000000000000000000000000000000000000000000000000000000000100009797626857RICARDO SOBRAL DE OLIVEIRA              RUA 23 DE MAIO - 139 AP.32 - VILA MIRIM             11704690                                                            000083
2SR. CAIXA, APOS O VENCIMENTO COBRAR 2% DE MULTA                                 NAO RECEBER APOS 30 DIAS DO VENCIMENTO.                                                                                                                                                                                                         01062100000000000000106210000000000000       0090339900006270097976062112000084
100000000000000000000009033990000627000000000000000000000000010002020004767606211300000000002            2  01047676062109062100000003842360000000001N010621000000000000000000000000000000000000000000000000000000000000000100004767679893ORLANDO GRANDE FILHO                    RUA ORLANDO MIGLIARI - 101 - JARDIM OURO            19906140                                                            000086
2SR. CAIXA, APOS O VENCIMENTO COBRAR 2% DE MULTA                                 NAO RECEBER APOS 30 DIAS DO VENCIMENTO.                                                                                                                                                                                                         01062100000000000000106210000000000000       0090339900006270047676062113000087
100000000000000000000009033990000627000000000000000000000000010002020006512506211000000000002            2  01065125062111062100000002021290000000001N010621000000000000000000000000000000000000000000000000000000000000000100006512547870MARIA DO CARMO FAGUNDES DOS REIS        RUA CARLOS MALCHER - 98 - PARQUE EDU CHA            02232020                                                            000089
2SR. CAIXA, APOS O VENCIMENTO COBRAR 2% DE MULTA                                 NAO RECEBER APOS 30 DIAS DO VENCIMENTO.                                                                                                                                                                                                         01062100000000000000106210000000000000       0090339900006270065125062110000090
100000000000000000000009033990000627000000000000000000000000010002020022728406211300000000002            2  01227284062111062100000002431430000000001N010621000000000000000000000000000000000000000000000000000000000000000100022728497842WILLIAN DE SOUZA MELLO                  RUA JOSE CALIXTO DO CARMO - 286 AP.111 -            11702690                                                            000092
2SR. CAIXA, APOS O VENCIMENTO COBRAR 2% DE MULTA                                 NAO RECEBER APOS 30 DIAS DO VENCIMENTO.                                                                                                                                                                                                         01062100000000000000106210000000000000       0090339900006270227284062113000093
100000000000000000000009033990000627000000000000000000000000010002020016909706211800000000002            2  01169097062111062100000002148610000000001N010621000000000000000000000000000000000000000000000000000000000000000100016909746805EDIVALDO SANTANA DOS SANTOS             ESTRADA JOAO GASPAR DELGADO - 80 AP.213             08536100                                                            000095
2SR. CAIXA, APOS O VENCIMENTO COBRAR 2% DE MULTA                                 NAO RECEBER APOS 30 DIAS DO VENCIMENTO.                                                                                                                                                                                                         01062100000000000000106210000000000000       0090339900006270169097062118000096
100000000000000000000009033990000627000000000000000000000000010002020022036006211500000000002            2  01220360062109062100000003336580000000001N010621000000000000000000000000000000000000000000000000000000000000000100022036003818DERLIS TERAN QUIROGA ROGATO             RUA JOAO RIBEIRO - 320 AP.131SB - CAMPES            09070250                                                            000098
2SR. CAIXA, APOS O VENCIMENTO COBRAR 2% DE MULTA                                 NAO RECEBER APOS 30 DIAS DO VENCIMENTO.                                                                                                                                                                                                         01062100000000000000106210000000000000       0090339900006270220360062115000099
100000000000000000000009033990000627000000000000000000000000010002020017229706213P00000000002            2  01172297062109062100000003220100000000001N010621000000000000000000000000000000000000000000000000000000000000000100017229751802BERENICE VIEIRA KERSTING                RUA ATIBAIA - 17 AP.417 - BAIRRO IMPERAD            11707380                                                            000101
2SR. CAIXA, APOS O VENCIMENTO COBRAR 2% DE MULTA                                 NAO RECEBER APOS 30 DIAS DO VENCIMENTO.                                                                                                                                                                                                         01062100000000000000106210000000000000       009033990000627017229706213P000102
100000000000000000000009033990000627000000000000000000000000010002020012475606211900000000002            2  01124756062111062100000002328980000000001N010621000000000000000000000000000000000000000000000000000000000000000100012475663820CELIDALVA GOES DE CARVALHO              RUA JOSE CALIXTO DO CARMO - 286 AP.91 -             11702690                                                            000104
2SR. CAIXA, APOS O VENCIMENTO COBRAR 2% DE MULTA                                 NAO RECEBER APOS 30 DIAS DO VENCIMENTO.                                                                                                                                                                                                         01062100000000000000106210000000000000       0090339900006270124756062119000105
100000000000000000000009033990000627000000000000000000000000010002020033451606211600000000002            2  01334516062111062100000001944840000000001N010621000000000000000000000000000000000000000000000000000000000000000100033451620839ARAO ELISIARIO  NUNES                   RUA JOSE CALIXTO DO CARMO - 286 AP.64 -             11702690                                                            000107
2SR. CAIXA, APOS O VENCIMENTO COBRAR 2% DE MULTA                                 NAO RECEBER APOS 30 DIAS DO VENCIMENTO.                                                                                                                                                                                                         01062100000000000000106210000000000000       0090339900006270334516062116000108
100000000000000000000009033990000627000000000000000000000000010002020095758206211600000000002            2  01957582062111062100000002365200000000001N010621000000000000000000000000000000000000000000000000000000000000000100095758275891SHIRLEY TUNES ASTOLFI                   RUA GUAPERUVU - 656 AP.84 - VILA ARICAND            03504010                                                            000110
2SR. CAIXA, APOS O VENCIMENTO COBRAR 2% DE MULTA                                 NAO RECEBER APOS 30 DIAS DO VENCIMENTO.                                                                                                                                                                                                         01062100000000000000106210000000000000       0090339900006270957582062116000111
100000000000000000000009033990000627000000000000000000000000010002020045839206211300000000002            2  01458392062111062100000001509550000000001N010621000000000000000000000000000000000000000000000000000000000000000100045839263834LEONARDO ANTONIO CONCELLIERI            RUA JOSE CALIXTO DO CARMO - 286 AP.51 -             11702690                                                            000113
2SR. CAIXA, APOS O VENCIMENTO COBRAR 2% DE MULTA                                 NAO RECEBER APOS 30 DIAS DO VENCIMENTO.                                                                                                                                                                                                         01062100000000000000106210000000000000       0090339900006270458392062113000114
100000000000000000000009033990000627000000000000000000000000010002020011369106211400000000002            2  01113691062111062100000002124520000000001N010621000000000000000000000000000000000000000000000000000000000000000100011369165803ELIANA CORREA DE OLIVEIRA               RUA MAESTRO ZEFERINO SANTANA - 65 - VILA            18040010                                                            000116
2SR. CAIXA, APOS O VENCIMENTO COBRAR 2% DE MULTA                                 NAO RECEBER APOS 30 DIAS DO VENCIMENTO.                                                                                                                                                                                                         01062100000000000000106210000000000000       0090339900006270113691062114000117
100000000000000000000009033990000627000000000000000000000000010002020002253806211800000000002            2  01022538062111062100000001888280000000001N010621000000000000000000000000000000000000000000000000000000000000000100002253816809EDMILSON ALVES DA SILVA                 RUA JOSE CALIXTO DO CARMO - 286 AP.93 -             11702690                                                            000119
2SR. CAIXA, APOS O VENCIMENTO COBRAR 2% DE MULTA                                 NAO RECEBER APOS 30 DIAS DO VENCIMENTO.                                                                                                                                                                                                         01062100000000000000106210000000000000       0090339900006270022538062118000120
100000000000000000000009033990000627000000000000000000000000010002020037947006211P00000000002            2  01379470062111062100000003353710000000001N010621000000000000000000000000000000000000000000000000000000000000000100037947070873BRUNO DE CAETANO MARRINHAS              RUA JOAO PELLOZO - 186 - JARDIM MILENA -            09182200                                                            000122
2SR. CAIXA, APOS O VENCIMENTO COBRAR 2% DE MULTA                                 NAO RECEBER APOS 30 DIAS DO VENCIMENTO.                                                                                                                                                                                                         01062100000000000000106210000000000000       009033990000627037947006211P000123
100000000000000000000009033990000627000000000000000000000000010002020037517706211800000000002            2  01375177062109062100000003538960000000001N010621000000000000000000000000000000000000000000000000000000000000000100037517785869RENATO JOSE DE LIMA MELO                RUA ARISTIDES LOBO - 148 AP.41 BLOCO 03             03041100                                                            000125
2SR. CAIXA, APOS O VENCIMENTO COBRAR 2% DE MULTA                                 NAO RECEBER APOS 30 DIAS DO VENCIMENTO.                                                                                                                                                                                                         01062100000000000000106210000000000000       0090339900006270375177062118000126
100000000000000000000009033990000627000000000000000000000000010002020070367906211900000000002            2  01703679062111062100000001773200000000001N010621000000000000000000000000000000000000000000000000000000000000000100070367949849TEODOMIRO ALVES DOS SANTOS              RUA ANDRE PAZ - 13 - JARDIM SANTO ANDRE             08390230                                                            000128
2SR. CAIXA, APOS O VENCIMENTO COBRAR 2% DE MULTA                                 NAO RECEBER APOS 30 DIAS DO VENCIMENTO.                                                                                                                                                                                                         01062100000000000000106210000000000000       0090339900006270703679062119000129
100000000000000000000009033990000627000000000000000000000000010002020004410806211800000000002            2  01044108062109062100000002629470000000001N010621000000000000000000000000000000000000000000000000000000000000000100004410802860LUIZ ALBERTO MARINHO                    RUA DA INDEPENDENCIA - 706 AP.41B - CAMB            01524000                                                            000131
2SR. CAIXA, APOS O VENCIMENTO COBRAR 2% DE MULTA                                 NAO RECEBER APOS 30 DIAS DO VENCIMENTO.                                                                                                                                                                                                         01062100000000000000106210000000000000       0090339900006270044108062118000132
100000000000000000000009033990000627000000000000000000000000010002020018035006211500000000002            2  01180350062111062100000002373260000000001N010621000000000000000000000000000000000000000000000000000000000000000100018035075861ROSANGELA BISPO SANTOS                  RUA CASSIANO GABUS MENDES - 292 - JD. CA            09896160                                                            000134
2SR. CAIXA, APOS O VENCIMENTO COBRAR 2% DE MULTA                                 NAO RECEBER APOS 30 DIAS DO VENCIMENTO.                                                                                                                                                                                                         01062100000000000000106210000000000000       0090339900006270180350062115000135
100000000000000000000009033990000627000000000000000000000000010002020004767606212100000000002            2  01047676062109062100000003510310000000001N010621000000000000000000000000000000000000000000000000000000000000000100004767679893ORLANDO GRANDE FILHO                    RUA ORLANDO MIGLIARI - 101 - JARDIM OURO            19906140                                                            000137
2SR. CAIXA, APOS O VENCIMENTO COBRAR 2% DE MULTA                                 NAO RECEBER APOS 30 DIAS DO VENCIMENTO.                                                                                                                                                                                                         01062100000000000000106210000000000000       0090339900006270047676062121000138
100000000000000000000009033990000627000000000000000000000000010002020064677806211900000000002            2  01646778062109062100000002823760000000001N010621000000000000000000000000000000000000000000000000000000000000000100064677850887ANTONIO CARLOS DE OLIVEIRA              RUA DR.ANTONIO MAZILLI FILHO - 435 - PAR            02230070                                                            000140
2SR. CAIXA, APOS O VENCIMENTO COBRAR 2% DE MULTA                                 NAO RECEBER APOS 30 DIAS DO VENCIMENTO.                                                                                                                                                                                                         01062100000000000000106210000000000000       0090339900006270646778062119000141
100000000000000000000009033990000627000000000000000000000000010002020007328906211400000000002            2  01073289062109062100000003445160000000001N010621000000000000000000000000000000000000000000000000000000000000000100007328927836BENEDITO APARECIDO ROCHA                AVENIDA SENADOR JOSE ERMINIO DE MORAES -            02357002                                                            000143
2SR. CAIXA, APOS O VENCIMENTO COBRAR 2% DE MULTA                                 NAO RECEBER APOS 30 DIAS DO VENCIMENTO.                                                                                                                                                                                                         01062100000000000000106210000000000000       0090339900006270073289062114000144
100000000000000000000009033990000627000000000000000000000000010002020028082606211300000000002            2  01280826062111062100000001968690000000001N010621000000000000000000000000000000000000000000000000000000000000000100028082615869PRISCILA PEREIRA                        ALAMEDA AFONSO BOCCHIGLIERI - 184 - INTE            04445130                                                            000146
2SR. CAIXA, APOS O VENCIMENTO COBRAR 2% DE MULTA                                 NAO RECEBER APOS 30 DIAS DO VENCIMENTO.                                                                                                                                                                                                         01062100000000000000106210000000000000       0090339900006270280826062113000147
100000000000000000000009033990000627000000000000000000000000010002020013184806211100000000002            2  01131848062111062100000002041530000000001N010621000000000000000000000000000000000000000000000000000000000000000100013184856810SYDNEY HENRIQUE GAMARANO JUNIOR         RUA JOSE CALIXTO DO CARMO - 286 AP.125 -            11702690                                                            000149
2SR. CAIXA, APOS O VENCIMENTO COBRAR 2% DE MULTA                                 NAO RECEBER APOS 30 DIAS DO VENCIMENTO.                                                                                                                                                                                                         01062100000000000000106210000000000000       0090339900006270131848062111000150
100000000000000000000009033990000627000000000000000000000000010002020058488606211100000000002            2  01584886062109062100000002575480000000001N010621000000000000000000000000000000000000000000000000000000000000000100058488618972ADAILTON ZANUTTO MORESCHI               R:RAPHAEL UNGARO - COND.RESERVA SERRA Q.            13212138                                                            000152
2SR. CAIXA, APOS O VENCIMENTO COBRAR 2% DE MULTA                                 NAO RECEBER APOS 30 DIAS DO VENCIMENTO.                                                                                                                                                                                                         01062100000000000000106210000000000000       0090339900006270584886062111000153
100000000000000000000009033990000627000000000000000000000000010002020040194806211600000000002            2  01401948062109062100000003419940000000001N010621000000000000000000000000000000000000000000000000000000000000000100040194815803JULIANA SANTOS PENSSE                   RUA SALVADOR SOARES - 85 - QUINHOES DA B            13190240                                                            000155
2SR. CAIXA, APOS O VENCIMENTO COBRAR 2% DE MULTA                                 NAO RECEBER APOS 30 DIAS DO VENCIMENTO.                                                                                                                                                                                                         01062100000000000000106210000000000000       0090339900006270401948062116000156
100000000000000000000009033990000627000000000000000000000000010002020011381906211200000000002            2  01113819062109062100000002729080000000001N010621000000000000000000000000000000000000000000000000000000000000000100011381987818MARIO DONIZETE MIGUEL DA SILVA          RUA JASPE - 215 - NOVA HIGIANOPOLIS - JA            06642270                                                            000158
2SR. CAIXA, APOS O VENCIMENTO COBRAR 2% DE MULTA                                 NAO RECEBER APOS 30 DIAS DO VENCIMENTO.                                                                                                                                                                                                         01062100000000000000106210000000000000       0090339900006270113819062112000159
100000000000000000000009033990000627000000000000000000000000010002020002196006211600000000002            2  01021960062111062100000001936550000000001N010621000000000000000000000000000000000000000000000000000000000000000100002196012831VILEFORT DIAS BORGES                    RUA PORTO XAVIER - 189 AP.64 - VILA CARM            08210170                                                            000161
2SR. CAIXA, APOS O VENCIMENTO COBRAR 2% DE MULTA                                 NAO RECEBER APOS 30 DIAS DO VENCIMENTO.                                                                                                                                                                                                         01062100000000000000106210000000000000       0090339900006270021960062116000162
100000000000000000000009033990000627000000000000000000000000010002020031861506211400000000002            2  01318615062111062100000002012810000000001N010621000000000000000000000000000000000000000000000000000000000000000100031861586809VANIA TOMAZ                             RUA MANOEL DOS REIS MACHADO - 557 - JARD            13221653                                                            000164
2SR. CAIXA, APOS O VENCIMENTO COBRAR 2% DE MULTA                                 NAO RECEBER APOS 30 DIAS DO VENCIMENTO.                                                                                                                                                                                                         01062100000000000000106210000000000000       0090339900006270318615062114000165
100000000000000000000009033990000627000000000000000000000000010002020003104506211800000000002            2  01031045062109062100000007497140000000001N010621000000000000000000000000000000000000000000000000000000000000000100003104580804NELSON RODRIGUES                        RUA AGUA SANTA - 114 - AGUA RASA - SAO P            03179110                                                            000167
2SR. CAIXA, APOS O VENCIMENTO COBRAR 2% DE MULTA                                 NAO RECEBER APOS 30 DIAS DO VENCIMENTO.                                                                                                                                                                                                         01062100000000000000106210000000000000       0090339900006270031045062118000168
100000000000000000000009033990000627000000000000000000000000010002020007715306211600000000002            2  01077153062109062100000003167540000000001N010621000000000000000000000000000000000000000000000000000000000000000100007715360627NILTON RENNAN OLIVEIRA GOMES FILHO      RUA DR. ANTONIO BENTO - 230 AP.53 - VILA            11075260                                                            000170
2SR. CAIXA, APOS O VENCIMENTO COBRAR 2% DE MULTA                                 NAO RECEBER APOS 30 DIAS DO VENCIMENTO.                                                                                                                                                                                                         01062100000000000000106210000000000000       0090339900006270077153062116000171
100000000000000000000009033990000627000000000000000000000000010002020029028406211700000000002            2  01290284062109062100000001312350000000001N010621000000000000000000000000000000000000000000000000000000000000000100029028478825LEONARDO LOUZADA                        RUA CARLOS JOSE BORSTENS - 50 AP.35 - AV            11702750                                                            000173
2SR. CAIXA, APOS O VENCIMENTO COBRAR 2% DE MULTA                                 NAO RECEBER APOS 30 DIAS DO VENCIMENTO.                                                                                                                                                                                                         01062100000000000000106210000000000000       0090339900006270290284062117000174
9                                                                                                                                                                                                                                                                                                                                                                                                         000175