01REMESSA01COBRANCA       00000000000005331186HB SANTOS CONSTRUTORA E INCORP237BRADESCO       010123        MX0000063                                                                                                                                                                                                                                                                                     000001
100000000000000000000009033990000995400000000000000000000000010002020026858601231800000000002            2  01268586012308012300000002968440000000001N010123000000000000000000000000000000000000000000000000000000000000000100026858625879GLAUCE FERREIRA DE OLIVEIRA FALSI       RUA LOURENCO ANTONIO BRAGANCA - 116 - JA            04403160                                                            000002
2SR. CAIXA, APOS O VENCIMENTO COBRAR 2% DE MULTA                                 NAO RECEBER APOS 30 DIAS DO VENCIMENTO.                                                                                                                                                                                                         01012300000000000000101230000000000000       0090339900009954268586012318000003
100000000000000000000009033990000995400000000000000000000000010002020016960801231900000000002            2  01169608012308012300000002834360000000001N010123000000000000000000000000000000000000000000000000000000000000000100016960804876LUIZ ALVES DE SOUZA JUNIOR              RUA URUGUAI - 89 AP.61 - JARDIM GUILHERM            11702300                                                            000005
2SR. CAIXA, APOS O VENCIMENTO COBRAR 2% DE MULTA                                 NAO RECEBER APOS 30 DIAS DO VENCIMENTO.                                                                                                                                                                                                         01012300000000000000101230000000000000       0090339900009954169608012319000006
100000000000000000000009033990000995400000000000000000000000010002020029425001231000000000002            2  01294250012308012300000002822980000000001N010123000000000000000000000000000000000000000000000000000000000000000100029425027897FABIA DOS SANTOS DE ANDRADE             AVENIDA ALCIDES CANDIDO DOS SANTOS - 248            11705480                                                            000008
2SR. CAIXA, APOS O VENCIMENTO COBRAR 2% DE MULTA                                 NAO RECEBER APOS 30 DIAS DO VENCIMENTO.                                                                                                                                                                                                         01012300000000000000101230000000000000       0090339900009954294250012310000009
100000000000000000000009033990000995400000000000000000000000010002020078382701231600000000002            2  01783827012308012300000002852770000000001N010123000000000000000000000000000000000000000000000000000000000000000100078382700497JARMELINA BARBOSA DA SILVA              RUA OSCAR CINTRA GORDINHO - 211 AP.51 -             01512010                                                            000011
2SR. CAIXA, APOS O VENCIMENTO COBRAR 2% DE MULTA                                 NAO RECEBER APOS 30 DIAS DO VENCIMENTO.                                                                                                                                                                                                         01012300000000000000101230000000000000       0090339900009954783827012316000012
100000000000000000000009033990000995400000000000000000000000010002020007535301231500000000002            2  01075353012308012300000002797490000000001N010123000000000000000000000000000000000000000000000000000000000000000100007535375839AINAILDE PEREIRA DE CASTRO OLIVETTO     TRAVESSA DORALINA ELIETE ADAO DA SILVA -            08021026                                                            000014
2SR. CAIXA, APOS O VENCIMENTO COBRAR 2% DE MULTA                                 NAO RECEBER APOS 30 DIAS DO VENCIMENTO.                                                                                                                                                                                                         01012300000000000000101230000000000000       0090339900009954075353012315000015
100000000000000000000009033990000995400000000000000000000000010002020017229701231000000000002            2  01172297012308012300000002963330000000001N010123000000000000000000000000000000000000000000000000000000000000000100017229751802BERENICE VIEIRA KERSTING                RUA ATIBAIA - 17 AP.417 - BAIRRO IMPERAD            11707380                                                            000017
2SR. CAIXA, APOS O VENCIMENTO COBRAR 2% DE MULTA                                 NAO RECEBER APOS 30 DIAS DO VENCIMENTO.                                                                                                                                                                                                         01012300000000000000101230000000000000       0090339900009954172297012310000018
100000000000000000000009033990000995400000000000000000000000010002020028974201231200000000002            2  01289742012308012300000002767690000000001N010123000000000000000000000000000000000000000000000000000000000000000100028974233827MARISTELA FAVANI DE OLIVEIRA            RUA GIUSEPPE CARNEVALLI - 96 - BAIRRO BO            09572100                                                            000020
2SR. CAIXA, APOS O VENCIMENTO COBRAR 2% DE MULTA                                 NAO RECEBER APOS 30 DIAS DO VENCIMENTO.                                                                                                                                                                                                         01012300000000000000101230000000000000       0090339900009954289742012312000021
100000000000000000000009033990000995400000000000000000000000010002020092184801231P00000000002            2  01921848012308012300000002730850000000001N010123000000000000000000000000000000000000000000000000000000000000000100092184804800CARMEM DO SOCORRO GUILHERME             ESTRADA SAO FRANCISCO - 1.850 AP.182A -             06765000                                                            000023
2SR. CAIXA, APOS O VENCIMENTO COBRAR 2% DE MULTA                                 NAO RECEBER APOS 30 DIAS DO VENCIMENTO.                                                                                                                                                                                                         01012300000000000000101230000000000000       009033990000995492184801231P000024
100000000000000000000009033990000995400000000000000000000000010002020009169701231P00000000002            2  01091697012308012300000002190160000000001N010123000000000000000000000000000000000000000000000000000000000000000100009169701830TADEU CONSTANTINO LOPES                 RUA JOSE ANTONIO COELHO - 349 CASA 01 -             04011061                                                            000026
2SR. CAIXA, APOS O VENCIMENTO COBRAR 2% DE MULTA                                 NAO RECEBER APOS 30 DIAS DO VENCIMENTO.                                                                                                                                                                                                         01012300000000000000101230000000000000       009033990000995409169701231P000027
100000000000000000000009033990000995400000000000000000000000010002020042480101231800000000002            2  01424801012308012300000002786110000000001N010123000000000000000000000000000000000000000000000000000000000000000100042480155870JAMITRE SOIOMARA ALVES DO NASCIMENTO DAVRUA URUGUAI - 89 AP.75 - JARDIM GUILHERM            11702300                                                            000029
2SR. CAIXA, APOS O VENCIMENTO COBRAR 2% DE MULTA                                 NAO RECEBER APOS 30 DIAS DO VENCIMENTO.                                                                                                                                                                                                         01012300000000000000101230000000000000       0090339900009954424801012318000030
100000000000000000000009033990000995400000000000000000000000010002020008966501231300000000002            2  01089665012308012300000002632420000000001N010123000000000000000000000000000000000000000000000000000000000000000100008966511856MONICA SILVA REIS                       RUA ORATORIO - 264 E FUNDOS - BANGU - SA            09280550                                                            000032
2SR. CAIXA, APOS O VENCIMENTO COBRAR 2% DE MULTA                                 NAO RECEBER APOS 30 DIAS DO VENCIMENTO.                                                                                                                                                                                                         01012300000000000000101230000000000000       0090339900009954089665012313000033
100000000000000000000009033990000995400000000000000000000000010002020001356901231400000000002            2  01013569012308012300000002827590000000001N010123000000000000000000000000000000000000000000000000000000000000000100001356993800DALVA MARIA DOS SANTOS                  RUA URUGUAI - 89 AP.74 - AVIACAO - PRAIA            11702300                                                            000035
2SR. CAIXA, APOS O VENCIMENTO COBRAR 2% DE MULTA                                 NAO RECEBER APOS 30 DIAS DO VENCIMENTO.                                                                                                                                                                                                         01012300000000000000101230000000000000       0090339900009954013569012314000036
100000000000000000000009033990000995400000000000000000000000010002020024615501231700000000002            2  01246155012308012300000003224740000000001N010123000000000000000000000000000000000000000000000000000000000000000100024615557884GILBERTO JOSE GONSALES                  RUA URUGUAI - 89 AP.115 - JARDIM GUILHER            11702300                                                            000038
2SR. CAIXA, APOS O VENCIMENTO COBRAR 2% DE MULTA                                 NAO RECEBER APOS 30 DIAS DO VENCIMENTO.                                                                                                                                                                                                         01012300000000000000101230000000000000       0090339900009954246155012317000039
100000000000000000000009033990000995400000000000000000000000010002020008878801231100000000002            2  01088788012308012300000003101250000000001N010123000000000000000000000000000000000000000000000000000000000000000100008878832812LUIZ ANTONIO DE OLIVEIRA                RUA TORRINHA - 220 AP.132 - BAIRRO TATUA            03332010                                                            000041
2SR. CAIXA, APOS O VENCIMENTO COBRAR 2% DE MULTA                                 NAO RECEBER APOS 30 DIAS DO VENCIMENTO.                                                                                                                                                                                                         01012300000000000000101230000000000000       0090339900009954088788012311000042
100000000000000000000009033990000995400000000000000000000000010002020031473701231700000000002            2  01314737012308012300000002279390000000001N010123000000000000000000000000000000000000000000000000000000000000000100031473799813MURIEL DA SILVA DE MOURA SOUZA          RUA CAPITAO PAULINO FREIRE - 300 AP.014             08717100                                                            000044
2SR. CAIXA, APOS O VENCIMENTO COBRAR 2% DE MULTA                                 NAO RECEBER APOS 30 DIAS DO VENCIMENTO.                                                                                                                                                                                                         01012300000000000000101230000000000000       0090339900009954314737012317000045
100000000000000000000009033990000995400000000000000000000000010002020036949501231600000000002            2  01369495012308012300000003017580000000001N010123000000000000000000000000000000000000000000000000000000000000000100036949505833FELIPE APARECIDO DOS SANTOS             RUA DAS MIMOSAS - 67 CASA 09 - VILA LUCI            03144010                                                            000047
2SR. CAIXA, APOS O VENCIMENTO COBRAR 2% DE MULTA                                 NAO RECEBER APOS 30 DIAS DO VENCIMENTO.                                                                                                                                                                                                         01012300000000000000101230000000000000       0090339900009954369495012316000048
100000000000000000000009033990000995400000000000000000000000010002020008539301231300000000002            2  01085393012308012300000003083090000000001N010123000000000000000000000000000000000000000000000000000000000000000100008539365871EDMILSON RAIMUNDO DOS SANTOS            RUA CALIDICE - 247 - PARQUE CRUZEIRO - S            08070010                                                            000050
2SR. CAIXA, APOS O VENCIMENTO COBRAR 2% DE MULTA                                 NAO RECEBER APOS 30 DIAS DO VENCIMENTO.                                                                                                                                                                                                         01012300000000000000101230000000000000       0090339900009954085393012313000051
100000000000000000000009033990000995400000000000000000000000010002020031040901231200000000002            2  01310409012308012300000003176370000000001N010123000000000000000000000000000000000000000000000000000000000000000100031040952801ANDRESSA REGINA FAVERANI LUPPI          RUA AMALIA BELLOTTI PASTORELLO - 169 - T            11724030                                                            000053
2SR. CAIXA, APOS O VENCIMENTO COBRAR 2% DE MULTA                                 NAO RECEBER APOS 30 DIAS DO VENCIMENTO.                                                                                                                                                                                                         01012300000000000000101230000000000000       0090339900009954310409012312000054
100000000000000000000009033990000995400000000000000000000000010002020024558901231900000000002            2  01245589012308012300000005310210000000001N010123000000000000000000000000000000000000000000000000000000000000000100024558912838EDILENE GORGATTI                        RUA ITARARE - 76 AP.142 - JARDIM GUILHER            11701820                                                            000056
2SR. CAIXA, APOS O VENCIMENTO COBRAR 2% DE MULTA                                 NAO RECEBER APOS 30 DIAS DO VENCIMENTO.                                                                                                                                                                                                         01012300000000000000101230000000000000       0090339900009954245589012319000057
100000000000000000000009033990000995400000000000000000000000010002020004611201231400000000002            2  01046112012308012300000001955430000000001N010123000000000000000000000000000000000000000000000000000000000000000100004611218830TANIA MARIA DA SILVA NUNES PEREIRA LUIZ RUA URUGUAI - 89 AP.103 - JARDIM GUILHER            11702300                                                            000059
2SR. CAIXA, APOS O VENCIMENTO COBRAR 2% DE MULTA                                 NAO RECEBER APOS 30 DIAS DO VENCIMENTO.                                                                                                                                                                                                         01012300000000000000101230000000000000       0090339900009954046112012314000060
100000000000000000000009033990000995400000000000000000000000010002020010548801231100000000002            2  01105488012308012300000003474500000000001N010123000000000000000000000000000000000000000000000000000000000000000100010548844801RICARDO DE JESUS CALDAS                 RUA ANTONIO AMBUBA - 50 CASA 60 - BAIRRO            05782370                                                            000062
2SR. CAIXA, APOS O VENCIMENTO COBRAR 2% DE MULTA                                 NAO RECEBER APOS 30 DIAS DO VENCIMENTO.                                                                                                                                                                                                         01012300000000000000101230000000000000       0090339900009954105488012311000063
100000000000000000000009033990000995400000000000000000000000010002020039623801231000000000002            2  01396238012308012300000003053670000000001N010123000000000000000000000000000000000000000000000000000000000000000100039623826826LEONARDO GUEDES PINTO                   RUA URUGUAI - 89 AP.24 - AVIACAO - PRAIA            11702300                                                            000065
2SR. CAIXA, APOS O VENCIMENTO COBRAR 2% DE MULTA                                 NAO RECEBER APOS 30 DIAS DO VENCIMENTO.                                                                                                                                                                                                         01012300000000000000101230000000000000       0090339900009954396238012310000066
100000000000000000000009033990000995400000000000000000000000010002020039558601231P00000000002            2  01395586012308012300000002803480000000001N010123000000000000000000000000000000000000000000000000000000000000000100039558638838TAMIRES ROCHA FRANCISCO                 RUA DUARTE DE CARVALHO - 185 AP.102 - BA            03084030                                                            000068
2SR. CAIXA, APOS O VENCIMENTO COBRAR 2% DE MULTA                                 NAO RECEBER APOS 30 DIAS DO VENCIMENTO.                                                                                                                                                                                                         01012300000000000000101230000000000000       009033990000995439558601231P000069
100000000000000000000009033990000995400000000000000000000000010002020032038701231900000000002            2  01320387012308012300000002280820000000001N010123000000000000000000000000000000000000000000000000000000000000000100032038775893GUSTAVO PEREIRA DA CRUZ                 RUA SAO FIDELIS - 203 - JARDIM BRASIL -             16074050                                                            000071
2SR. CAIXA, APOS O VENCIMENTO COBRAR 2% DE MULTA                                 NAO RECEBER APOS 30 DIAS DO VENCIMENTO.                                                                                                                                                                                                         01012300000000000000101230000000000000       0090339900009954320387012319000072
100000000000000000000009033990000995400000000000000000000000010002020008993101231600000000002            2  01089931012308012300000010764260000000001N010123000000000000000000000000000000000000000000000000000000000000000100008993178801PATRICIA BITTENCOURT FRACARO            RUA MARCIO MAZZEI - 337 - VILA NOVA MAZZ            02316050                                                            000074
2SR. CAIXA, APOS O VENCIMENTO COBRAR 2% DE MULTA                                 NAO RECEBER APOS 30 DIAS DO VENCIMENTO.                                                                                                                                                                                                         01012300000000000000101230000000000000       0090339900009954089931012316000075
100000000000000000000009033990000995400000000000000000000000010002020012955201231900000000002            2  01129552012308012300000005285750000000001N010123000000000000000000000000000000000000000000000000000000000000000100012955241806MAURO ALVES SILVA                       RUA TRAITUBA - 354 - BAIRRO SAUDE - SAO             04142050                                                            000077
2SR. CAIXA, APOS O VENCIMENTO COBRAR 2% DE MULTA                                 NAO RECEBER APOS 30 DIAS DO VENCIMENTO.                                                                                                                                                                                                         01012300000000000000101230000000000000       0090339900009954129552012319000078
9                                                                                                                                                                                                                                                                                                                                                                                                         000079