01REMESSA01COBRANCA       00000000000005331186HB SANTOS CONSTRUTORA E INCORP237BRADESCO       071222        MX0000062                                                                                                                                                                                                                                                                                     000001
100000000000000000000009033990000995400000000000000000000000010002020005723212221200000000002            2  01057232122223122200000002892090000000001N061222000000000000000000000000000000000000000000000000000000000000000100005723255843FRANCISCO DE ASSIS DA SILVA             PRACA NICOLAU GERAIGIRE - 25 VISOR - JAR            11095110                                                            000002
2SR. CAIXA, APOS O VENCIMENTO COBRAR 2% DE MULTA                                 NAO RECEBER APOS 30 DIAS DO VENCIMENTO.                                                                                                                                                                                                         07122200000000000000712220000000000000       0090339900009954057232122212000003
100000000000000000000009033990000995400000000000000000000000010002020004928112221700000000002            2  01049281122223122200000002828240000000001N061222000000000000000000000000000000000000000000000000000000000000000100004928157800ADEMIR APARECIDO ANTUNES                RUA URUGUAI - 89 AP.105 - JARDIM GUILHER            11702300                                                            000005
2SR. CAIXA, APOS O VENCIMENTO COBRAR 2% DE MULTA                                 NAO RECEBER APOS 30 DIAS DO VENCIMENTO.                                                                                                                                                                                                         07122200000000000000712220000000000000       0090339900009954049281122217000006
100000000000000000000009033990000995400000000000000000000000010002020011238012221400000000002            2  01112380122223122200000002791570000000001N061222000000000000000000000000000000000000000000000000000000000000000100011238052886SOLANGE DIAS DE SOUZA ROMANO            AVENIDA DR. ALTINO ARANTES - 865 AP.132             04042034                                                            000008
2SR. CAIXA, APOS O VENCIMENTO COBRAR 2% DE MULTA                                 NAO RECEBER APOS 30 DIAS DO VENCIMENTO.                                                                                                                                                                                                         07122200000000000000712220000000000000       0090339900009954112380122214000009
100000000000000000000009033990000995400000000000000000000000010002020032589112221600000000002            2  01325891122223122200000002736530000000001N061222000000000000000000000000000000000000000000000000000000000000000100032589165862RENATA ISABEL MARTINS SILVA             RUA HERCULANO DE FREITAS - 257 - FUNDACA            09520280                                                            000011
2SR. CAIXA, APOS O VENCIMENTO COBRAR 2% DE MULTA                                 NAO RECEBER APOS 30 DIAS DO VENCIMENTO.                                                                                                                                                                                                         07122200000000000000712220000000000000       0090339900009954325891122216000012
100000000000000000000009033990000995400000000000000000000000010002020088339312221P00000000002            2  01883393122223122200000002766190000000001N061222000000000000000000000000000000000000000000000000000000000000000100088339319868MARCIA SIQUEIRA MELLO                   RUA ADELINO ALVES - 81 - SANTO AMARO - S            04710120                                                            000014
2SR. CAIXA, APOS O VENCIMENTO COBRAR 2% DE MULTA                                 NAO RECEBER APOS 30 DIAS DO VENCIMENTO.                                                                                                                                                                                                         07122200000000000000712220000000000000       009033990000995488339312221P000015
100000000000000000000009033990000995400000000000000000000000010002020046391212221500000000002            2  01463912122223122200000002869560000000001N061222000000000000000000000000000000000000000000000000000000000000000100046391265810PAMELLA RODRIGUES DE OLIVEIRA           RUA AUGUSTA - 183 AP.301 BL.2A - VILA AU            07025130                                                            000017
2SR. CAIXA, APOS O VENCIMENTO COBRAR 2% DE MULTA                                 NAO RECEBER APOS 30 DIAS DO VENCIMENTO.                                                                                                                                                                                                         07122200000000000000712220000000000000       0090339900009954463912122215000018
100000000000000000000009033990000995400000000000000000000000010002020027964512221300000000002            2  01279645122223122200000002851170000000001N061222000000000000000000000000000000000000000000000000000000000000000100027964512838FABIO TADEU DE CAMPOS RADZIAVICIUS      RUA URUGUAI - 89 AP.94 - JARDIM GUILHERM            11702300                                                            000020
2SR. CAIXA, APOS O VENCIMENTO COBRAR 2% DE MULTA                                 NAO RECEBER APOS 30 DIAS DO VENCIMENTO.                                                                                                                                                                                                         07122200000000000000712220000000000000       0090339900009954279645122213000021
100000000000000000000009033990000995400000000000000000000000010002020011498312222P00000000002            2  01114983122223122200000002136140000000001N061222000000000000000000000000000000000000000000000000000000000000000100011498329837GERSON GERALDO DAS NEVES                RUA DOMINGOS DELGADO - 144 - VILA SOUZA             02881070                                                            000023
2SR. CAIXA, APOS O VENCIMENTO COBRAR 2% DE MULTA                                 NAO RECEBER APOS 30 DIAS DO VENCIMENTO.                                                                                                                                                                                                         07122200000000000000712220000000000000       009033990000995411498312222P000024
100000000000000000000009033990000995400000000000000000000000010002020025214412221800000000002            2  01252144122223122200000002528530000000001N061222000000000000000000000000000000000000000000000000000000000000000100025214401833JOSE MAURICIO DOS SANTOS RODRIGUES      RUA JOAO DE MACEDO RIBEIRO - 49 - VILA N            08111101                                                            000026
2SR. CAIXA, APOS O VENCIMENTO COBRAR 2% DE MULTA                                 NAO RECEBER APOS 30 DIAS DO VENCIMENTO.                                                                                                                                                                                                         07122200000000000000712220000000000000       0090339900009954252144122218000027
100000000000000000000009033990000995400000000000000000000000010002020033119112221500000000002            2  01331191122223122200000002539230000000001N061222000000000000000000000000000000000000000000000000000000000000000100033119178802HUGO GOMES VENDRAME                     RUA SAO PAULO - 60 CASA 01 - VILA FREITA            06380110                                                            000029
2SR. CAIXA, APOS O VENCIMENTO COBRAR 2% DE MULTA                                 NAO RECEBER APOS 30 DIAS DO VENCIMENTO.                                                                                                                                                                                                         07122200000000000000712220000000000000       0090339900009954331191122215000030
100000000000000000000009033990000995400000000000000000000000010002020016631512221800000000002            2  01166315122223122200000002583540000000001N061222000000000000000000000000000000000000000000000000000000000000000100016631587468GILBERTO BEZERRA DA SILVA               AVENIDA JAIME TORRES - 745 CASA 3 - JARD            03670000                                                            000032
2SR. CAIXA, APOS O VENCIMENTO COBRAR 2% DE MULTA                                 NAO RECEBER APOS 30 DIAS DO VENCIMENTO.                                                                                                                                                                                                         07122200000000000000712220000000000000       0090339900009954166315122218000033
100000000000000000000009033990000995400000000000000000000000010002020007313212221000000000002            2  01073132122223122200000002565190000000001N061222000000000000000000000000000000000000000000000000000000000000000100007313251840SALVADOR GESUALDO PULVIRENTI            AVENIDA MARARI - 641 - VILA MARARI - SAO            04402010                                                            000035
2SR. CAIXA, APOS O VENCIMENTO COBRAR 2% DE MULTA                                 NAO RECEBER APOS 30 DIAS DO VENCIMENTO.                                                                                                                                                                                                         07122200000000000000712220000000000000       0090339900009954073132122210000036
100000000000000000000009033990000995400000000000000000000000010002020010676712221200000000002            2  01106767122223122200000002677460000000001N061222000000000000000000000000000000000000000000000000000000000000000100010676723896MERCEDES CRISTINA ROCHA SANDOVAL        RUA URUGUAI - 89 AP.83 - JARDIM GUILHERM            11702300                                                            000038
2SR. CAIXA, APOS O VENCIMENTO COBRAR 2% DE MULTA                                 NAO RECEBER APOS 30 DIAS DO VENCIMENTO.                                                                                                                                                                                                         07122200000000000000712220000000000000       0090339900009954106767122212000039
100000000000000000000009033990000995400000000000000000000000010002020009502812221000000000002            2  01095028122223122200000002796160000000001N061222000000000000000000000000000000000000000000000000000000000000000100009502844831CLAUDIA ROCHA SANDOVAL                  RUA URUGUAI - 89 AP.64 - JARDIM GUILHERM            11702300                                                            000041
2SR. CAIXA, APOS O VENCIMENTO COBRAR 2% DE MULTA                                 NAO RECEBER APOS 30 DIAS DO VENCIMENTO.                                                                                                                                                                                                         07122200000000000000712220000000000000       0090339900009954095028122210000042
100000000000000000000009033990000995400000000000000000000000010002020007594212221P00000000002            2  01075942122223122200000002510190000000001N061222000000000000000000000000000000000000000000000000000000000000000100007594247809JOSE LUIS DE OLIVEIRA                   DONA EGLANTINA PENTEADO DA SILVA PRADO -            13044162                                                            000044
2SR. CAIXA, APOS O VENCIMENTO COBRAR 2% DE MULTA                                 NAO RECEBER APOS 30 DIAS DO VENCIMENTO.                                                                                                                                                                                                         07122200000000000000712220000000000000       009033990000995407594212221P000045
100000000000000000000009033990000995400000000000000000000000010002020005288712221300000000002            2  01052887122223122200000002585750000000001N061222000000000000000000000000000000000000000000000000000000000000000100005288796858MARCELO RODRIGUES FERREIRA              RUA MARCOS ANTONIO MARQUES - 302 - JARDI            06433020                                                            000047
2SR. CAIXA, APOS O VENCIMENTO COBRAR 2% DE MULTA                                 NAO RECEBER APOS 30 DIAS DO VENCIMENTO.                                                                                                                                                                                                         07122200000000000000712220000000000000       0090339900009954052887122213000048
100000000000000000000009033990000995400000000000000000000000010002020015835912221200000000002            2  01158359122223122200000002692690000000001N061222000000000000000000000000000000000000000000000000000000000000000100015835992823FLAVIO VERONEZ                          RUA ANDREA PAULINETTI - 127 AP.42 - BAIR            04707050                                                            000050
2SR. CAIXA, APOS O VENCIMENTO COBRAR 2% DE MULTA                                 NAO RECEBER APOS 30 DIAS DO VENCIMENTO.                                                                                                                                                                                                         07122200000000000000712220000000000000       0090339900009954158359122212000051
100000000000000000000009033990000995400000000000000000000000010002020000438112221000000000002            2  01004381122223122200000003039300000000001N061222000000000000000000000000000000000000000000000000000000000000000100000438161858WAGNECY VILLA NOVA LIEN                 MACHADO - 106 - VILA AUGUSTA - GUARULHOS            07025210                                                            000053
2SR. CAIXA, APOS O VENCIMENTO COBRAR 2% DE MULTA                                 NAO RECEBER APOS 30 DIAS DO VENCIMENTO.                                                                                                                                                                                                         07122200000000000000712220000000000000       0090339900009954004381122210000054
100000000000000000000009033990000995400000000000000000000000010002020026004512221700000000002            2  01260045122223122200000002692730000000001N061222000000000000000000000000000000000000000000000000000000000000000100026004595888EDIVALDO BEZERRA DA SILVA               AVENIDA GUATEMALA - 550 - JARDIM PINHEIR            09854750                                                            000056
2SR. CAIXA, APOS O VENCIMENTO COBRAR 2% DE MULTA                                 NAO RECEBER APOS 30 DIAS DO VENCIMENTO.                                                                                                                                                                                                         07122200000000000000712220000000000000       0090339900009954260045122217000057
100000000000000000000009033990000995400000000000000000000000010002020012470712221100000000002            2  01124707122223122200000002872940000000001N061222000000000000000000000000000000000000000000000000000000000000000100012470771870HILTON FERNANDES OLIVARES               RUA PATIO DA ESTACAO - 115 - BAIRRO CENT            09450000                                                            000059
2SR. CAIXA, APOS O VENCIMENTO COBRAR 2% DE MULTA                                 NAO RECEBER APOS 30 DIAS DO VENCIMENTO.                                                                                                                                                                                                         07122200000000000000712220000000000000       0090339900009954124707122211000060
100000000000000000000009033990000995400000000000000000000000010002020014025412221000000000002            2  01140254122223122200000003150110000000001N061222000000000000000000000000000000000000000000000000000000000000000100014025420899ANDREIA APARECIDA TAVARES BASTOS        RUA IBATIBA - 234 CASA 27 - RES.BOUGANVI            09220608                                                            000062
2SR. CAIXA, APOS O VENCIMENTO COBRAR 2% DE MULTA                                 NAO RECEBER APOS 30 DIAS DO VENCIMENTO.                                                                                                                                                                                                         07122200000000000000712220000000000000       0090339900009954140254122210000063
100000000000000000000009033990000995400000000000000000000000010002020018590012221P00000000002            2  01185900122223122200000002852890000000001N061222000000000000000000000000000000000000000000000000000000000000000100018590038858JOSE SANDRO ROCHA SILVA                 RUA SANTO ANTONIO DO AVENTUREIRO - 216 A            07143040                                                            000065
2SR. CAIXA, APOS O VENCIMENTO COBRAR 2% DE MULTA                                 NAO RECEBER APOS 30 DIAS DO VENCIMENTO.                                                                                                                                                                                                         07122200000000000000712220000000000000       009033990000995418590012221P000066
100000000000000000000009033990000995400000000000000000000000010002020088578712221800000000002            2  01885787122223122200000002347520000000001N061222000000000000000000000000000000000000000000000000000000000000000100088578704800GILBERTO DO ESPIRITO SANTO SILVA        RUA URUGUAI - 89 AP.23 - JARDIM GUILHERM            11702300                                                            000068
2SR. CAIXA, APOS O VENCIMENTO COBRAR 2% DE MULTA                                 NAO RECEBER APOS 30 DIAS DO VENCIMENTO.                                                                                                                                                                                                         07122200000000000000712220000000000000       0090339900009954885787122218000069
100000000000000000000009033990000995400000000000000000000000010002020015378212221900000000002            2  01153782122223122200000003507870000000001N061222000000000000000000000000000000000000000000000000000000000000000100015378295807SERGIO FERNANDES                        RUA VALDEMAR MARTINS - 116 AP.115 - BAIR            02535000                                                            000071
2SR. CAIXA, APOS O VENCIMENTO COBRAR 2% DE MULTA                                 NAO RECEBER APOS 30 DIAS DO VENCIMENTO.                                                                                                                                                                                                         07122200000000000000712220000000000000       0090339900009954153782122219000072
100000000000000000000009033990000995400000000000000000000000010002020005105212221600000000002            2  01051052122223122200000002799700000000001N061222000000000000000000000000000000000000000000000000000000000000000100005105287835FABIO MOTTOLA DE OLIVEIRA               RUA RAUL MAZZONI - 133 - CHACARA AREAL -            13331022                                                            000074
2SR. CAIXA, APOS O VENCIMENTO COBRAR 2% DE MULTA                                 NAO RECEBER APOS 30 DIAS DO VENCIMENTO.                                                                                                                                                                                                         07122200000000000000712220000000000000       0090339900009954051052122216000075
100000000000000000000009033990000995400000000000000000000000010002020007648112221900000000002            2  01076481122223122200000002733130000000001N061222000000000000000000000000000000000000000000000000000000000000000100007648112825MARA REGINA CAPRIO                      RUA DA TRINDADE - 790 - VILA IDEAL - SAO            15060280                                                            000077
2SR. CAIXA, APOS O VENCIMENTO COBRAR 2% DE MULTA                                 NAO RECEBER APOS 30 DIAS DO VENCIMENTO.                                                                                                                                                                                                         07122200000000000000712220000000000000       0090339900009954076481122219000078
100000000000000000000009033990000995400000000000000000000000010002020031157412221800000000002            2  01311574122223122200000002934700000000001N061222000000000000000000000000000000000000000000000000000000000000000100031157420885TALITA ANICHIARICO COSSI                RUA CNEO POMPEO DE CAMARGO - 817 - JARDI            13060150                                                            000080
2SR. CAIXA, APOS O VENCIMENTO COBRAR 2% DE MULTA                                 NAO RECEBER APOS 30 DIAS DO VENCIMENTO.                                                                                                                                                                                                         07122200000000000000712220000000000000       0090339900009954311574122218000081
100000000000000000000009033990000995400000000000000000000000010002020035572512221200000000002            2  01355725122223122200000003120270000000001N061222000000000000000000000000000000000000000000000000000000000000000100035572536865MARIA SIMONE SANTOS                     RUA JOSE PEZZOLO - 68 - VILA ELDIZIA - S            09181660                                                            000083
2SR. CAIXA, APOS O VENCIMENTO COBRAR 2% DE MULTA                                 NAO RECEBER APOS 30 DIAS DO VENCIMENTO.                                                                                                                                                                                                         07122200000000000000712220000000000000       0090339900009954355725122212000084
100000000000000000000009033990000995400000000000000000000000010002020008800312221P00000000002            2  01088003122223122200000002842970000000001N061222000000000000000000000000000000000000000000000000000000000000000100008800368425INGO DIMITRI PEREIRA DA NOBREGA         RUA PROFESSOR MENDES PIMENTEL - 362 - JA            03973010                                                            000086
2SR. CAIXA, APOS O VENCIMENTO COBRAR 2% DE MULTA                                 NAO RECEBER APOS 30 DIAS DO VENCIMENTO.                                                                                                                                                                                                         07122200000000000000712220000000000000       009033990000995408800312221P000087
100000000000000000000009033990000995400000000000000000000000010002020018312412221P00000000002            2  01183124122223122200000009858710000000001N061222000000000000000000000000000000000000000000000000000000000000000100018312408827PAULO LUIZ FERREIRA                     AVENIDA MARCONDES SALGADO - 20 AP.26 B -            11702530                                                            000089
2SR. CAIXA, APOS O VENCIMENTO COBRAR 2% DE MULTA                                 NAO RECEBER APOS 30 DIAS DO VENCIMENTO.                                                                                                                                                                                                         07122200000000000000712220000000000000       009033990000995418312412221P000090
100000000000000000000009033990000995400000000000000000000000010002020005054112221400000000002            2  01050541122223122200000002751270000000001N061222000000000000000000000000000000000000000000000000000000000000000100005054169806PAULO ROBERTO DE MATTOS                 JARDIM BOTANICO - 849 - DISTRITO DE SOUS            13106258                                                            000092
2SR. CAIXA, APOS O VENCIMENTO COBRAR 2% DE MULTA                                 NAO RECEBER APOS 30 DIAS DO VENCIMENTO.                                                                                                                                                                                                         07122200000000000000712220000000000000       0090339900009954050541122214000093
100000000000000000000009033990000995400000000000000000000000010002020007552112221000000000002            2  01075521122223122200000002751270000000001N061222000000000000000000000000000000000000000000000000000000000000000100007552151846MAURO BORDONI                           AVENIDA DR. AUGUSTO DE TOLEDO - 769 AP.6            09540080                                                            000095
2SR. CAIXA, APOS O VENCIMENTO COBRAR 2% DE MULTA                                 NAO RECEBER APOS 30 DIAS DO VENCIMENTO.                                                                                                                                                                                                         07122200000000000000712220000000000000       0090339900009954075521122210000096
100000000000000000000009033990000995400000000000000000000000010002020012744212221300000000002            2  01127442122223122200000003061200000000001N061222000000000000000000000000000000000000000000000000000000000000000100012744201804ADAIL JOSE DE SOUSA                     RUA ROSARIA - 303 - BAIRRO SACADURA CABR            09061080                                                            000098
2SR. CAIXA, APOS O VENCIMENTO COBRAR 2% DE MULTA                                 NAO RECEBER APOS 30 DIAS DO VENCIMENTO.                                                                                                                                                                                                         07122200000000000000712220000000000000       0090339900009954127442122213000099
100000000000000000000009033990000995400000000000000000000000010002020068320612221000000000002            2  01683206122223122200000010841190000000001N061222000000000000000000000000000000000000000000000000000000000000000100068320663849ANTONIO CAVALCANTE LIMA                 RUA AMAZONAS - 1188 - CENTRO - SAO CAETA            09540201                                                            000101
2SR. CAIXA, APOS O VENCIMENTO COBRAR 2% DE MULTA                                 NAO RECEBER APOS 30 DIAS DO VENCIMENTO.                                                                                                                                                                                                         07122200000000000000712220000000000000       0090339900009954683206122210000102
9                                                                                                                                                                                                                                                                                                                                                                                                         000103