01REMESSA01COBRANCA       00000000000005316116AIRES CONSTRUTORA E INCORPORAD237BRADESCO       010221        MX0000163                                                                                                                                                                                                                                                                                     000001
100000000000000000000009002800441612000000000000000000000000010002100085416902211000000000002            2  01854169022110022100000003594750000000001N010221000000000000000000000000000000000000000000000000000000000000000100085416940891ANTONIO DE SOUSA MENDES                 RUA MONTE CASTELO - 296 AP.52 - AVIACAO             11702720                                                            000002
2SR. CAIXA, APOS O VENCIMENTO COBRAR 10% DE MULTA                                NAO RECEBER APOS 30 DIAS DO VENCIMENTO.                                                                                                                                                                                                         01022100000000000000102210000000000000       0090028004416120854169022110000003
100000000000000000000009002800441612000000000000000000000000010002100019282502211100000000002            2  01192825022110022100000002628080000000001N010221000000000000000000000000000000000000000000000000000000000000000100019282546837FABIO LEANDRO DE FREITAS ASSIS          RUA BASSIM NAGIB TRABULSI - 97 - PONTA D            11030540                                                            000005
2SR. CAIXA, APOS O VENCIMENTO COBRAR 10% DE MULTA                                NAO RECEBER APOS 30 DIAS DO VENCIMENTO.                                                                                                                                                                                                         01022100000000000000102210000000000000       0090028004416120192825022111000006
100000000000000000000009002800441612000000000000000000000000010002100003865702211P00000000002            2  01038657022110022100000003521470000000001N010221000000000000000000000000000000000000000000000000000000000000000100003865776841FRANCISCO JOSE ROCCO                    RUA FABIO JOSE BEZERRA - 130 AP.86 - PAR            03805000                                                            000008
2SR. CAIXA, APOS O VENCIMENTO COBRAR 10% DE MULTA                                NAO RECEBER APOS 30 DIAS DO VENCIMENTO.                                                                                                                                                                                                         01022100000000000000102210000000000000       009002800441612003865702211P000009
100000000000000000000009002800441612000000000000000000000000010002100028309502211600000000002            2  01283095022110022100000003140330000000001N010221000000000000000000000000000000000000000000000000000000000000000100028309524803DEISE RIBEIRO BARBOSA                   RUA CANDIDO JOSE DE ANDRADE - 173 - ERME            03807030                                                            000011
2SR. CAIXA, APOS O VENCIMENTO COBRAR 10% DE MULTA                                NAO RECEBER APOS 30 DIAS DO VENCIMENTO.                                                                                                                                                                                                         01022100000000000000102210000000000000       0090028004416120283095022116000012
100000000000000000000009002800441612000000000000000000000000010002100011277902211600000000002            2  01112779022110022100000003727240000000001N010221000000000000000000000000000000000000000000000000000000000000000100011277908893JOSE AILTON LOPES DE AZEVEDO            RUA MAESTRO JOAO SEPE - 19 - JARDIM MARI            04181030                                                            000014
2SR. CAIXA, APOS O VENCIMENTO COBRAR 10% DE MULTA                                NAO RECEBER APOS 30 DIAS DO VENCIMENTO.                                                                                                                                                                                                         01022100000000000000102210000000000000       0090028004416120112779022116000015
100000000000000000000009002800441612000000000000000000000000010002100025215102211300000000002            2  01252151022110022100000002810790000000001N010221000000000000000000000000000000000000000000000000000000000000000100025215106886KLEBER LUIZ DOS SANTOS                  RUA MONTE CASTELO - 262 AP.15 - AVIACAO             11702720                                                            000017
2SR. CAIXA, APOS O VENCIMENTO COBRAR 10% DE MULTA                                NAO RECEBER APOS 30 DIAS DO VENCIMENTO.                                                                                                                                                                                                         01022100000000000000102210000000000000       0090028004416120252151022113000018
100000000000000000000009002800441612000000000000000000000000010002100090206702211000000000002            2  01902067022110022100000003139540000000001N010221000000000000000000000000000000000000000000000000000000000000000100090206789815NEREIDE RODRIGUES FERREIRA              AVENIDA PADRE ESTANISLAU DE CAMPOS - 205            03590060                                                            000020
2SR. CAIXA, APOS O VENCIMENTO COBRAR 10% DE MULTA                                NAO RECEBER APOS 30 DIAS DO VENCIMENTO.                                                                                                                                                                                                         01022100000000000000102210000000000000       0090028004416120902067022110000021
100000000000000000000009002800441612000000000000000000000000010002100029150702211900000000002            2  01291507022110022100000003674880000000001N010221000000000000000000000000000000000000000000000000000000000000000100029150742833ANA DEISE SANTOS DE ALMEIDA             RUA MONTE CASTELO - 296 AP.121 - AVIACAO            11702720                                                            000023
2SR. CAIXA, APOS O VENCIMENTO COBRAR 10% DE MULTA                                NAO RECEBER APOS 30 DIAS DO VENCIMENTO.                                                                                                                                                                                                         01022100000000000000102210000000000000       0090028004416120291507022119000024
100000000000000000000009002800441612000000000000000000000000010002100000811702211400000000002            2  01008117022110022100000003026940000000001N010221000000000000000000000000000000000000000000000000000000000000000100000811752801SERGIO BUENO DA SILVA                   RUA MONTE CASTELO - 262 AP.75 - AVIACAO             11702720                                                            000026
2SR. CAIXA, APOS O VENCIMENTO COBRAR 10% DE MULTA                                NAO RECEBER APOS 30 DIAS DO VENCIMENTO.                                                                                                                                                                                                         01022100000000000000102210000000000000       0090028004416120008117022114000027
100000000000000000000009002800441612000000000000000000000000010002100018344802211000000000002            2  01183448022110022100000004115890000000001N010221000000000000000000000000000000000000000000000000000000000000000100018344803888MARCELO BERNARDO                        RUA MONTE CASTELO - 262 AP.84 - AVIACAO             11702720                                                            000029
2SR. CAIXA, APOS O VENCIMENTO COBRAR 10% DE MULTA                                NAO RECEBER APOS 30 DIAS DO VENCIMENTO.                                                                                                                                                                                                         01022100000000000000102210000000000000       0090028004416120183448022110000030
100000000000000000000009002800441612000000000000000000000000010002100004004302211800000000002            2  01040043022110022100000005394630000000001N010221000000000000000000000000000000000000000000000000000000000000000100004004328896VANDERLEI  MARTINS DE ALMEIDA           RUA MONSENHOR TABOSA - 03 - PARQUE CISPE            03819300                                                            000032
2SR. CAIXA, APOS O VENCIMENTO COBRAR 10% DE MULTA                                NAO RECEBER APOS 30 DIAS DO VENCIMENTO.                                                                                                                                                                                                         01022100000000000000102210000000000000       0090028004416120040043022118000033
100000000000000000000009002800441612000000000000000000000000010002100031803802211600000000002            2  01318038022110022100000003323780000000001N010221000000000000000000000000000000000000000000000000000000000000000100031803864877ELEILSON FELIPPE SANTOS                 RUA SANTA GREGORIA - 193 - CIDADE DUTRA             04806030                                                            000035
2SR. CAIXA, APOS O VENCIMENTO COBRAR 10% DE MULTA                                NAO RECEBER APOS 30 DIAS DO VENCIMENTO.                                                                                                                                                                                                         01022100000000000000102210000000000000       0090028004416120318038022116000036
100000000000000000000009002800441612000000000000000000000000010002100063064502211000000000002            2  01630645022110022100000003960890000000001N010221000000000000000000000000000000000000000000000000000000000000000100063064537849ANTONIO APARECIDO DA SILVA DESTEFANO    RUA PROFESSOR TEODORO BRAGA - 46 - VILA             02966020                                                            000038
2SR. CAIXA, APOS O VENCIMENTO COBRAR 10% DE MULTA                                NAO RECEBER APOS 30 DIAS DO VENCIMENTO.                                                                                                                                                                                                         01022100000000000000102210000000000000       0090028004416120630645022110000039
100000000000000000000009002800441612000000000000000000000000010002100010107702211600000000002            2  01101077022110022100000003795730000000001N010221000000000000000000000000000000000000000000000000000000000000000100010107711834VALDEMAR FECCHIO                        RUA DOUTOR MARTINS DE OLIVEIRA - 529 AP.            05638030                                                            000041
2SR. CAIXA, APOS O VENCIMENTO COBRAR 10% DE MULTA                                NAO RECEBER APOS 30 DIAS DO VENCIMENTO.                                                                                                                                                                                                         01022100000000000000102210000000000000       0090028004416120101077022116000042
100000000000000000000009002800441612000000000000000000000000010002100005920502211P00000000002            2  01059205022110022100000002306050000000001N010221000000000000000000000000000000000000000000000000000000000000000100005920579846SONIA MARIA VALDO POLLO                 RUA PALMIRA CERVI BARBARO - 797 - CIDADE            13214370                                                            000044
2SR. CAIXA, APOS O VENCIMENTO COBRAR 10% DE MULTA                                NAO RECEBER APOS 30 DIAS DO VENCIMENTO.                                                                                                                                                                                                         01022100000000000000102210000000000000       009002800441612005920502211P000045
100000000000000000000009002800441612000000000000000000000000010002100002494102211000000000002            2  01024941022110022100000003467250000000001N010221000000000000000000000000000000000000000000000000000000000000000100002494107881CIRO FRANCISCO MARCHI DURIGON           RUA MONTE CASTELO - 262 AP.115 - AVIACAO            11702720                                                            000047
2SR. CAIXA, APOS O VENCIMENTO COBRAR 10% DE MULTA                                NAO RECEBER APOS 30 DIAS DO VENCIMENTO.                                                                                                                                                                                                         01022100000000000000102210000000000000       0090028004416120024941022110000048
100000000000000000000009002800441612000000000000000000000000010002100007002302211800000000002            2  01070023022110022100000003408470000000001N010221000000000000000000000000000000000000000000000000000000000000000100007002345869DOMINGOS DE BRITO GALVAO                RUA MONTE CASTELO - 262 AP.44 - AVIACAO             11702720                                                            000050
2SR. CAIXA, APOS O VENCIMENTO COBRAR 10% DE MULTA                                NAO RECEBER APOS 30 DIAS DO VENCIMENTO.                                                                                                                                                                                                         01022100000000000000102210000000000000       0090028004416120070023022118000051
100000000000000000000009002800441612000000000000000000000000010002100016299002211100000000002            2  01162990022110022100000003285770000000001N010221000000000000000000000000000000000000000000000000000000000000000100016299008857FERNANDO CESAR CARVALHO                 AVENIDA MARCONDES DE BRITO - 1340 AP.74             03509000                                                            000053
2SR. CAIXA, APOS O VENCIMENTO COBRAR 10% DE MULTA                                NAO RECEBER APOS 30 DIAS DO VENCIMENTO.                                                                                                                                                                                                         01022100000000000000102210000000000000       0090028004416120162990022111000054
100000000000000000000009002800441612000000000000000000000000010002100065895302211500000000002            2  01658953022110022100000002010240000000001N010221000000000000000000000000000000000000000000000000000000000000000100065895304834MARINHO BARBOSA CUNHA                   AVENIDA EDU CHAVES - 639 AP.43 - PARQUE             02229000                                                            000056
2SR. CAIXA, APOS O VENCIMENTO COBRAR 10% DE MULTA                                NAO RECEBER APOS 30 DIAS DO VENCIMENTO.                                                                                                                                                                                                         01022100000000000000102210000000000000       0090028004416120658953022115000057
100000000000000000000009002800441612000000000000000000000000010002100055975302211200000000002            2  01559753022110022100000000750330000000001N010221000000000000000000000000000000000000000000000000000000000000000100055975372887BENEVENUTO THEODORO DA SILVA NETO       RUA MONTE CASTELO - 296 AP.63 - AVIACAO             11702720                                                            000059
2SR. CAIXA, APOS O VENCIMENTO COBRAR 10% DE MULTA                                NAO RECEBER APOS 30 DIAS DO VENCIMENTO.                                                                                                                                                                                                         01022100000000000000102210000000000000       0090028004416120559753022112000060
9                                                                                                                                                                                                                                                                                                                                                                                                         000061