01REMESSA01COBRANCA       00000000000005316116AIRES CONSTRUTORA E INCORPORAD237BRADESCO       011121        MX0000181                                                                                                                                                                                                                                                                                     000001
100000000000000000000009002800441612000000000000000000000000010002100003865711211900000000002            2  01038657112110112100000003683130000000001N011121000000000000000000000000000000000000000000000000000000000000000100003865776841FRANCISCO JOSE ROCCO                    AVENIDA PADRES OLIVETANOS - 215 AP.83 -             03648000                                                            000002
2SR. CAIXA, APOS O VENCIMENTO COBRAR 10% DE MULTA                                NAO RECEBER APOS 30 DIAS DO VENCIMENTO.                                                                                                                                                                                                         01112100000000000000111210000000000000       0090028004416120038657112119000003
100000000000000000000009002800441612000000000000000000000000010002100028309511211500000000002            2  01283095112110112100000003284510000000001N011121000000000000000000000000000000000000000000000000000000000000000100028309524803DEISE RIBEIRO BARBOSA                   RUA CANDIDO JOSE DE ANDRADE - 173 - ERME            03807030                                                            000005
2SR. CAIXA, APOS O VENCIMENTO COBRAR 10% DE MULTA                                NAO RECEBER APOS 30 DIAS DO VENCIMENTO.                                                                                                                                                                                                         01112100000000000000111210000000000000       0090028004416120283095112115000006
100000000000000000000009002800441612000000000000000000000000010002100011277911211500000000002            2  01112779112110112100000003898360000000001N011121000000000000000000000000000000000000000000000000000000000000000100011277908893JOSE AILTON LOPES DE AZEVEDO            RUA MAESTRO JOAO SEPE - 19 - JARDIM MARI            04181030                                                            000008
2SR. CAIXA, APOS O VENCIMENTO COBRAR 10% DE MULTA                                NAO RECEBER APOS 30 DIAS DO VENCIMENTO.                                                                                                                                                                                                         01112100000000000000111210000000000000       0090028004416120112779112115000009
100000000000000000000009002800441612000000000000000000000000010002100025215111211200000000002            2  01252151112110112100000007360880000000001N011121000000000000000000000000000000000000000000000000000000000000000100025215106886KLEBER LUIZ DOS SANTOS                  RUA MONTE CASTELO - 262 AP.15 - AVIACAO             11702720                                                            000011
2SR. CAIXA, APOS O VENCIMENTO COBRAR 10% DE MULTA                                NAO RECEBER APOS 30 DIAS DO VENCIMENTO.                                                                                                                                                                                                         01112100000000000000111210000000000000       0090028004416120252151112112000012
100000000000000000000009002800441612000000000000000000000000010002100090206711211P00000000002            2  01902067112110112100000003283680000000001N011121000000000000000000000000000000000000000000000000000000000000000100090206789815NEREIDE RODRIGUES FERREIRA              AVENIDA PADRE ESTANISLAU DE CAMPOS - 205            03590060                                                            000014
2SR. CAIXA, APOS O VENCIMENTO COBRAR 10% DE MULTA                                NAO RECEBER APOS 30 DIAS DO VENCIMENTO.                                                                                                                                                                                                         01112100000000000000111210000000000000       009002800441612090206711211P000015
100000000000000000000009002800441612000000000000000000000000010002100029150711211800000000002            2  01291507112110112100000003843590000000001N011121000000000000000000000000000000000000000000000000000000000000000100029150742833ANA DEISE SANTOS DE ALMEIDA             RUA MONTE CASTELO - 296 AP.121 - AVIACAO            11702720                                                            000017
2SR. CAIXA, APOS O VENCIMENTO COBRAR 10% DE MULTA                                NAO RECEBER APOS 30 DIAS DO VENCIMENTO.                                                                                                                                                                                                         01112100000000000000111210000000000000       0090028004416120291507112118000018
100000000000000000000009002800441612000000000000000000000000010002100000811711211300000000002            2  01008117112110112100000003165900000000001N011121000000000000000000000000000000000000000000000000000000000000000100000811752801SERGIO BUENO DA SILVA                   RUA MONTE CASTELO - 262 AP.75 - AVIACAO             11702720                                                            000020
2SR. CAIXA, APOS O VENCIMENTO COBRAR 10% DE MULTA                                NAO RECEBER APOS 30 DIAS DO VENCIMENTO.                                                                                                                                                                                                         01112100000000000000111210000000000000       0090028004416120008117112113000021
100000000000000000000009002800441612000000000000000000000000010002100018344811211P00000000002            2  01183448112110112100000004304850000000001N011121000000000000000000000000000000000000000000000000000000000000000100018344803888MARCELO BERNARDO                        RUA MONTE CASTELO - 262 AP.84 - AVIACAO             11702720                                                            000023
2SR. CAIXA, APOS O VENCIMENTO COBRAR 10% DE MULTA                                NAO RECEBER APOS 30 DIAS DO VENCIMENTO.                                                                                                                                                                                                         01112100000000000000111210000000000000       009002800441612018344811211P000024
100000000000000000000009002800441612000000000000000000000000010002100031803811211500000000002            2  01318038112110112100000003476380000000001N011121000000000000000000000000000000000000000000000000000000000000000100031803864877ELEILSON FELIPPE SANTOS                 RUA SANTA GREGORIA - 193 - CIDADE DUTRA             04806030                                                            000026
2SR. CAIXA, APOS O VENCIMENTO COBRAR 10% DE MULTA                                NAO RECEBER APOS 30 DIAS DO VENCIMENTO.                                                                                                                                                                                                         01112100000000000000111210000000000000       0090028004416120318038112115000027
100000000000000000000009002800441612000000000000000000000000010002100063064511211P00000000002            2  01630645112110112100000004142720000000001N011121000000000000000000000000000000000000000000000000000000000000000100063064537849ANTONIO APARECIDO DA SILVA DESTEFANO    RUA PROFESSOR TEODORO BRAGA - 46 - VILA             02966020                                                            000029
2SR. CAIXA, APOS O VENCIMENTO COBRAR 10% DE MULTA                                NAO RECEBER APOS 30 DIAS DO VENCIMENTO.                                                                                                                                                                                                         01112100000000000000111210000000000000       009002800441612063064511211P000030
100000000000000000000009002800441612000000000000000000000000010002100005920511211900000000002            2  01059205112110112100000002411920000000001N011121000000000000000000000000000000000000000000000000000000000000000100005920579846SONIA MARIA VALDO POLLO                 RUA PALMIRA CERVI BARBARO - 797 - CIDADE            13214370                                                            000032
2SR. CAIXA, APOS O VENCIMENTO COBRAR 10% DE MULTA                                NAO RECEBER APOS 30 DIAS DO VENCIMENTO.                                                                                                                                                                                                         01112100000000000000111210000000000000       0090028004416120059205112119000033
100000000000000000000009002800441612000000000000000000000000010002100002494111211P00000000002            2  01024941112110112100000003626430000000001N011121000000000000000000000000000000000000000000000000000000000000000100002494107881CIRO FRANCISCO MARCHI DURIGON           RUA MONTE CASTELO - 262 AP.115 - AVIACAO            11702720                                                            000035
2SR. CAIXA, APOS O VENCIMENTO COBRAR 10% DE MULTA                                NAO RECEBER APOS 30 DIAS DO VENCIMENTO.                                                                                                                                                                                                         01112100000000000000111210000000000000       009002800441612002494111211P000036
100000000000000000000009002800441612000000000000000000000000010002100007002311211700000000002            2  01070023112110112100000003564960000000001N011121000000000000000000000000000000000000000000000000000000000000000100007002345869DOMINGOS DE BRITO GALVAO                RUA MONTE CASTELO - 262 AP.44 - AVIACAO             11702720                                                            000038
2SR. CAIXA, APOS O VENCIMENTO COBRAR 10% DE MULTA                                NAO RECEBER APOS 30 DIAS DO VENCIMENTO.                                                                                                                                                                                                         01112100000000000000111210000000000000       0090028004416120070023112117000039
100000000000000000000009002800441612000000000000000000000000010002100016299011211000000000002            2  01162990112110112100000003436620000000001N011121000000000000000000000000000000000000000000000000000000000000000100016299008857FERNANDO CESAR CARVALHO                 AVENIDA MARCONDES DE BRITO - 1340 AP.74             03509000                                                            000041
2SR. CAIXA, APOS O VENCIMENTO COBRAR 10% DE MULTA                                NAO RECEBER APOS 30 DIAS DO VENCIMENTO.                                                                                                                                                                                                         01112100000000000000111210000000000000       0090028004416120162990112110000042
100000000000000000000009002800441612000000000000000000000000010002100031082811211400000000002            2  01310828112110112100000003453280000000001N011121000000000000000000000000000000000000000000000000000000000000000100031082898880VANESSA DOS SANTOS NEIVA                RUA MONTE CASTELO - 296 AP.33 - BAIRRO A            11702720                                                            000044
2SR. CAIXA, APOS O VENCIMENTO COBRAR 10% DE MULTA                                NAO RECEBER APOS 30 DIAS DO VENCIMENTO.                                                                                                                                                                                                         01112100000000000000111210000000000000       0090028004416120310828112114000045
100000000000000000000009002800441612000000000000000000000000010002100065895311211400000000002            2  01658953112110112100000002102520000000001N011121000000000000000000000000000000000000000000000000000000000000000100065895304834MARINHO BARBOSA CUNHA                   AVENIDA EDU CHAVES - 639 AP.43 - PARQUE             02229000                                                            000047
2SR. CAIXA, APOS O VENCIMENTO COBRAR 10% DE MULTA                                NAO RECEBER APOS 30 DIAS DO VENCIMENTO.                                                                                                                                                                                                         01112100000000000000111210000000000000       0090028004416120658953112114000048
100000000000000000000009002800441612000000000000000000000000010002100055975311211100000000002            2  01559753112110112100000000784790000000001N011121000000000000000000000000000000000000000000000000000000000000000100055975372887BENEVENUTO THEODORO DA SILVA NETO       RUA MONTE CASTELO - 296 AP.63 - AVIACAO             11702720                                                            000050
2SR. CAIXA, APOS O VENCIMENTO COBRAR 10% DE MULTA                                NAO RECEBER APOS 30 DIAS DO VENCIMENTO.                                                                                                                                                                                                         01112100000000000000111210000000000000       0090028004416120559753112111000051
9                                                                                                                                                                                                                                                                                                                                                                                                         000052