01REMESSA01COBRANCA       00000000000008017025HB SANTOS CONSTRUTORA E INCORP237BRADESCO       011121        MX0000140                                                                                                                                                                                                                                                                                     000001
100000000000000000000009033990000627000000000000000000000000010002020016479011211900000000002            2  01164790112109112100000004574600000000001N011121000000000000000000000000000000000000000000000000000000000000000100016479002806LOURDES PEREIRA DE QUEIROZ SECANECHIA   RUA PAULINO CURSI - 437 - CIDADE SAO MAT            03960060                                                            000002
2SR. CAIXA, APOS O VENCIMENTO COBRAR 2% DE MULTA                                 NAO RECEBER APOS 30 DIAS DO VENCIMENTO.                                                                                                                                                                                                         01112100000000000000111210000000000000       0090339900006270164790112119000003
100000000000000000000009033990000627000000000000000000000000010002020017229711212900000000002            2  01172297112109112100000003481220000000001N011121000000000000000000000000000000000000000000000000000000000000000100017229751802BERENICE VIEIRA KERSTING                RUA ATIBAIA - 17 AP.417 - BAIRRO IMPERAD            11707380                                                            000005
2SR. CAIXA, APOS O VENCIMENTO COBRAR 2% DE MULTA                                 NAO RECEBER APOS 30 DIAS DO VENCIMENTO.                                                                                                                                                                                                         01112100000000000000111210000000000000       0090339900006270172297112129000006
100000000000000000000009033990000627000000000000000000000000010002020009361411211600000000002            2  01093614112109112100000003321170000000001N011121000000000000000000000000000000000000000000000000000000000000000100009361471805JOSE BARBOSA DA SILVA                   RUA ALFREDO INACIO TRINDADE  - 60 AP.44             02344100                                                            000008
2SR. CAIXA, APOS O VENCIMENTO COBRAR 2% DE MULTA                                 NAO RECEBER APOS 30 DIAS DO VENCIMENTO.                                                                                                                                                                                                         01112100000000000000111210000000000000       0090339900006270093614112116000009
100000000000000000000009033990000627000000000000000000000000010002020012756911211P00000000002            2  01127569112109112100000002866910000000001N011121000000000000000000000000000000000000000000000000000000000000000100012756959812ITAMAR JUVENAL DIAS DA SILVA            RUA ELISEU REINALDO MORAES VIEIRA - 90 A            02858000                                                            000011
2SR. CAIXA, APOS O VENCIMENTO COBRAR 2% DE MULTA                                 NAO RECEBER APOS 30 DIAS DO VENCIMENTO.                                                                                                                                                                                                         01112100000000000000111210000000000000       009033990000627012756911211P000012
100000000000000000000009033990000627000000000000000000000000010002020029433611211300000000002            2  01294336112111112100000002376680000000001N011121000000000000000000000000000000000000000000000000000000000000000100029433631897MARIO MUNIZ                             RUA JOSE CALIXTO DO CARMO - 286 AP.53 -             11702690                                                            000014
2SR. CAIXA, APOS O VENCIMENTO COBRAR 2% DE MULTA                                 NAO RECEBER APOS 30 DIAS DO VENCIMENTO.                                                                                                                                                                                                         01112100000000000000111210000000000000       0090339900006270294336112113000015
100000000000000000000009033990000627000000000000000000000000010002020005029811211600000000002            2  01050298112109112100000002922980000000001N011121000000000000000000000000000000000000000000000000000000000000000100005029828885LAURINETE DA CONCEICAO DE NORONHA       RUA MARIA LUCIA DE TOLEDO LEITE MORAES -            04434040                                                            000017
2SR. CAIXA, APOS O VENCIMENTO COBRAR 2% DE MULTA                                 NAO RECEBER APOS 30 DIAS DO VENCIMENTO.                                                                                                                                                                                                         01112100000000000000111210000000000000       0090339900006270050298112116000018
100000000000000000000009033990000627000000000000000000000000010002020013388911211800000000002            2  01133889112111112100000002316880000000001N011121000000000000000000000000000000000000000000000000000000000000000100013388936889NEUTON DE SOUZA RAMOS                   RUA MARIA CRISTINA - 932 - JARDIM CASQUE            11533160                                                            000020
2SR. CAIXA, APOS O VENCIMENTO COBRAR 2% DE MULTA                                 NAO RECEBER APOS 30 DIAS DO VENCIMENTO.                                                                                                                                                                                                         01112100000000000000111210000000000000       0090339900006270133889112118000021
100000000000000000000009033990000627000000000000000000000000010002020012774911211800000000002            2  01127749112111112100000002360390000000001N011121000000000000000000000000000000000000000000000000000000000000000100012774906865JOSE MILTON SANTIAGO                    RUA BATATAIS - 47 - CIDADE ESTELA - POA             08563140                                                            000023
2SR. CAIXA, APOS O VENCIMENTO COBRAR 2% DE MULTA                                 NAO RECEBER APOS 30 DIAS DO VENCIMENTO.                                                                                                                                                                                                         01112100000000000000111210000000000000       0090339900006270127749112118000024
100000000000000000000009033990000627000000000000000000000000010002020016294111211300000000002            2  01162941112109112100000002902000000000001N011121000000000000000000000000000000000000000000000000000000000000000100016294119812JURACY FELIX DE ARRUDA                  RUA CARLOS JOSE BORSTENS - 50 AP.23 - AV            11702750                                                            000026
2SR. CAIXA, APOS O VENCIMENTO COBRAR 2% DE MULTA                                 NAO RECEBER APOS 30 DIAS DO VENCIMENTO.                                                                                                                                                                                                         01112100000000000000111210000000000000       0090339900006270162941112113000027
100000000000000000000009033990000627000000000000000000000000010002020005613811211800000000002            2  01056138112111112100000002170900000000001N011121000000000000000000000000000000000000000000000000000000000000000100005613843805NILZA MARIA DE OLIVEIRA                 RUA JOSE GONCALVES DE FREITAS - 66 C2 -             08210550                                                            000029
2SR. CAIXA, APOS O VENCIMENTO COBRAR 2% DE MULTA                                 NAO RECEBER APOS 30 DIAS DO VENCIMENTO.                                                                                                                                                                                                         01112100000000000000111210000000000000       0090339900006270056138112118000030
100000000000000000000009033990000627000000000000000000000000010002020007574911211800000000002            2  01075749112111112100000002228370000000001N011121000000000000000000000000000000000000000000000000000000000000000100007574936889JORGE LUCIANO PEREIRA BORRIELLO         RUA JOSE CALIXTO DO CARMO - 286 AP.54 -             11702690                                                            000032
2SR. CAIXA, APOS O VENCIMENTO COBRAR 2% DE MULTA                                 NAO RECEBER APOS 30 DIAS DO VENCIMENTO.                                                                                                                                                                                                         01112100000000000000111210000000000000       0090339900006270075749112118000033
100000000000000000000009033990000627000000000000000000000000010002020008214911211000000000002            2  01082149112111112100000002262170000000001N011121000000000000000000000000000000000000000000000000000000000000000100008214973830JAMIL CHALA                             RUA JOSE CALIXTO DO CARMO - 286 AP.22 -             11702690                                                            000035
2SR. CAIXA, APOS O VENCIMENTO COBRAR 2% DE MULTA                                 NAO RECEBER APOS 30 DIAS DO VENCIMENTO.                                                                                                                                                                                                         01112100000000000000111210000000000000       0090339900006270082149112110000036
100000000000000000000009033990000627000000000000000000000000010002020032495011211800000000002            2  01324950112111112100000002535060000000001N011121000000000000000000000000000000000000000000000000000000000000000100032495004881PAULO EDUARDO DOS SANTOS                RUA REPUBLICA DO IRAQUE - 1119 - CAMPO B            04611002                                                            000038
2SR. CAIXA, APOS O VENCIMENTO COBRAR 2% DE MULTA                                 NAO RECEBER APOS 30 DIAS DO VENCIMENTO.                                                                                                                                                                                                         01112100000000000000111210000000000000       0090339900006270324950112118000039
100000000000000000000009033990000627000000000000000000000000010002020016498011211500000000002            2  01164980112111112100000002223330000000001N011121000000000000000000000000000000000000000000000000000000000000000100016498053810GILMA CEZARIO GARCIA CORRITORI          RUA LAURENTINO XAVIER DOS SANTOS - 336 -            08240740                                                            000041
2SR. CAIXA, APOS O VENCIMENTO COBRAR 2% DE MULTA                                 NAO RECEBER APOS 30 DIAS DO VENCIMENTO.                                                                                                                                                                                                         01112100000000000000111210000000000000       0090339900006270164980112115000042
100000000000000000000009033990000627000000000000000000000000010002020029339011211400000000002            2  01293390112111112100000002377470000000001N011121000000000000000000000000000000000000000000000000000000000000000100029339051831RONALD DIDOFF                           RUA CORONEL FERREIRA BRAGA - 188 - VILA             03522010                                                            000044
2SR. CAIXA, APOS O VENCIMENTO COBRAR 2% DE MULTA                                 NAO RECEBER APOS 30 DIAS DO VENCIMENTO.                                                                                                                                                                                                         01112100000000000000111210000000000000       0090339900006270293390112114000045
100000000000000000000009033990000627000000000000000000000000010002020017357811211600000000002            2  01173578112111112100000002517940000000001N011121000000000000000000000000000000000000000000000000000000000000000100017357859894MARCIO GUIMARAES                        RUA GENERAL CAMARA - 188 SALA 11 - CENTR            11010120                                                            000047
2SR. CAIXA, APOS O VENCIMENTO COBRAR 2% DE MULTA                                 NAO RECEBER APOS 30 DIAS DO VENCIMENTO.                                                                                                                                                                                                         01112100000000000000111210000000000000       0090339900006270173578112116000048
100000000000000000000009033990000627000000000000000000000000010002020010563011211600000000002            2  01105630112111112100000002582290000000001N011121000000000000000000000000000000000000000000000000000000000000000100010563033878VERA LUCIA RIBEIRO LONGANEZI            RUA DOS CAMARES - 150 AP.24 BL.02 - CARA            02068030                                                            000050
2SR. CAIXA, APOS O VENCIMENTO COBRAR 2% DE MULTA                                 NAO RECEBER APOS 30 DIAS DO VENCIMENTO.                                                                                                                                                                                                         01112100000000000000111210000000000000       0090339900006270105630112116000051
100000000000000000000009033990000627000000000000000000000000010002020005529611211000000000002            2  01055296112111112100000002343340000000001N011121000000000000000000000000000000000000000000000000000000000000000100005529616801JOAQUIM JORGE DA COSTA                  RUA JOSE CALIXTO DO CARMO - 286 AP.106 -            11702690                                                            000053
2SR. CAIXA, APOS O VENCIMENTO COBRAR 2% DE MULTA                                 NAO RECEBER APOS 30 DIAS DO VENCIMENTO.                                                                                                                                                                                                         01112100000000000000111210000000000000       0090339900006270055296112110000054
100000000000000000000009033990000627000000000000000000000000010002020015550711211700000000002            2  01155507112109112100000002215610000000001N011121000000000000000000000000000000000000000000000000000000000000000100015550706806MARY MIWA                               RUA CARLOS JOSE BORSTENS - 50 AP.105 - A            11702750                                                            000056
2SR. CAIXA, APOS O VENCIMENTO COBRAR 2% DE MULTA                                 NAO RECEBER APOS 30 DIAS DO VENCIMENTO.                                                                                                                                                                                                         01112100000000000000111210000000000000       0090339900006270155507112117000057
100000000000000000000009033990000627000000000000000000000000010002020015464611211700000000002            2  01154646112111112100000002463420000000001N011121000000000000000000000000000000000000000000000000000000000000000100015464647864SONIA TERESA VOLPATO                    RUA JOSE CALIXTO DO CARMO - 286 AP.73 -             11702690                                                            000059
2SR. CAIXA, APOS O VENCIMENTO COBRAR 2% DE MULTA                                 NAO RECEBER APOS 30 DIAS DO VENCIMENTO.                                                                                                                                                                                                         01112100000000000000111210000000000000       0090339900006270154646112117000060
100000000000000000000009033990000627000000000000000000000000010002020008657811211600000000002            2  01086578112111112100000002438680000000001N011121000000000000000000000000000000000000000000000000000000000000000100008657886855ARLINDO DA CRUZ                         AVENIDA ARICANDUVA - 8.256 AP.54 BL.10 -            03951220                                                            000062
2SR. CAIXA, APOS O VENCIMENTO COBRAR 2% DE MULTA                                 NAO RECEBER APOS 30 DIAS DO VENCIMENTO.                                                                                                                                                                                                         01112100000000000000111210000000000000       0090339900006270086578112116000063
100000000000000000000009033990000627000000000000000000000000010002020004265711211600000000002            2  01042657112109112100000003264610000000001N011121000000000000000000000000000000000000000000000000000000000000000100004265781713ALEXANDRE CASADO COSTA                  RUA CARLOS JOSE BORSTENS - 50 AP.33 - AV            11702750                                                            000065
2SR. CAIXA, APOS O VENCIMENTO COBRAR 2% DE MULTA                                 NAO RECEBER APOS 30 DIAS DO VENCIMENTO.                                                                                                                                                                                                         01112100000000000000111210000000000000       0090339900006270042657112116000066
100000000000000000000009033990000627000000000000000000000000010002020059735111211400000000002            2  01597351112109112100000001378900000000001N011121000000000000000000000000000000000000000000000000000000000000000100059735180863HELIO JOSE MARQUES                      RUA MARTIM AFONSO DE SOUZA - 1007 AP.102            11702790                                                            000068
2SR. CAIXA, APOS O VENCIMENTO COBRAR 2% DE MULTA                                 NAO RECEBER APOS 30 DIAS DO VENCIMENTO.                                                                                                                                                                                                         01112100000000000000111210000000000000       0090339900006270597351112114000069
100000000000000000000009033990000627000000000000000000000000010002020026347811211800000000002            2  01263478112111112100000002606890000000001N011121000000000000000000000000000000000000000000000000000000000000000100026347872862VALDECI SILVA MEIRELES                  RUA JOSE BATISTA DA SILVA - 292 - JARDIM            06851470                                                            000071
2SR. CAIXA, APOS O VENCIMENTO COBRAR 2% DE MULTA                                 NAO RECEBER APOS 30 DIAS DO VENCIMENTO.                                                                                                                                                                                                         01112100000000000000111210000000000000       0090339900006270263478112118000072
100000000000000000000009033990000627000000000000000000000000010002020013135211211900000000002            2  01131352112111112100000002395080000000001N011121000000000000000000000000000000000000000000000000000000000000000100013135261859EDUARDO ZANOLA                          RUA ROLANDO PIETRO BONINI - 46 - JARDIM             09781040                                                            000074
2SR. CAIXA, APOS O VENCIMENTO COBRAR 2% DE MULTA                                 NAO RECEBER APOS 30 DIAS DO VENCIMENTO.                                                                                                                                                                                                         01112100000000000000111210000000000000       0090339900006270131352112119000075
100000000000000000000009033990000627000000000000000000000000010002020009797611211P00000000002            2  01097976112111112100000002332550000000001N011121000000000000000000000000000000000000000000000000000000000000000100009797626857RICARDO SOBRAL DE OLIVEIRA              RUA 23 DE MAIO - 139 AP.32 - VILA MIRIM             11704690                                                            000077
2SR. CAIXA, APOS O VENCIMENTO COBRAR 2% DE MULTA                                 NAO RECEBER APOS 30 DIAS DO VENCIMENTO.                                                                                                                                                                                                         01112100000000000000111210000000000000       009033990000627009797611211P000078
100000000000000000000009033990000627000000000000000000000000010002020004767611211000000000002            2  01047676112109112100000003988620000000001N011121000000000000000000000000000000000000000000000000000000000000000100004767679893ORLANDO GRANDE FILHO                    RUA ORLANDO MIGLIARI - 101 - JARDIM OURO            19906140                                                            000080
2SR. CAIXA, APOS O VENCIMENTO COBRAR 2% DE MULTA                                 NAO RECEBER APOS 30 DIAS DO VENCIMENTO.                                                                                                                                                                                                         01112100000000000000111210000000000000       0090339900006270047676112110000081
100000000000000000000009033990000627000000000000000000000000010002020006512511211800000000002            2  01065125112111112100000002098230000000001N011121000000000000000000000000000000000000000000000000000000000000000100006512547870MARIA DO CARMO FAGUNDES DOS REIS        RUA CARLOS MALCHER - 98 - PARQUE EDU CHA            02232020                                                            000083
2SR. CAIXA, APOS O VENCIMENTO COBRAR 2% DE MULTA                                 NAO RECEBER APOS 30 DIAS DO VENCIMENTO.                                                                                                                                                                                                         01112100000000000000111210000000000000       0090339900006270065125112118000084
100000000000000000000009033990000627000000000000000000000000010002020022728411211000000000002            2  01227284112111112100000002523990000000001N011121000000000000000000000000000000000000000000000000000000000000000100022728497842WILLIAN DE SOUZA MELLO                  RUA JOSE CALIXTO DO CARMO - 286 AP.111 -            11702690                                                            000086
2SR. CAIXA, APOS O VENCIMENTO COBRAR 2% DE MULTA                                 NAO RECEBER APOS 30 DIAS DO VENCIMENTO.                                                                                                                                                                                                         01112100000000000000111210000000000000       0090339900006270227284112110000087
100000000000000000000009033990000627000000000000000000000000010002020016909711211500000000002            2  01169097112111112100000002230400000000001N011121000000000000000000000000000000000000000000000000000000000000000100016909746805EDIVALDO SANTANA DOS SANTOS             ESTRADA JOAO GASPAR DELGADO - 80 AP.213             08536100                                                            000089
2SR. CAIXA, APOS O VENCIMENTO COBRAR 2% DE MULTA                                 NAO RECEBER APOS 30 DIAS DO VENCIMENTO.                                                                                                                                                                                                         01112100000000000000111210000000000000       0090339900006270169097112115000090
100000000000000000000009033990000627000000000000000000000000010002020022036011211200000000002            2  01220360112109112100000003463580000000001N011121000000000000000000000000000000000000000000000000000000000000000100022036003818DERLIS TERAN QUIROGA ROGATO             RUA JOAO RIBEIRO - 320 AP.131SB - CAMPES            09070250                                                            000092
2SR. CAIXA, APOS O VENCIMENTO COBRAR 2% DE MULTA                                 NAO RECEBER APOS 30 DIAS DO VENCIMENTO.                                                                                                                                                                                                         01112100000000000000111210000000000000       0090339900006270220360112112000093
100000000000000000000009033990000627000000000000000000000000010002020017229711213700000000002            2  01172297112109112100000003342670000000001N011121000000000000000000000000000000000000000000000000000000000000000100017229751802BERENICE VIEIRA KERSTING                RUA ATIBAIA - 17 AP.417 - BAIRRO IMPERAD            11707380                                                            000095
2SR. CAIXA, APOS O VENCIMENTO COBRAR 2% DE MULTA                                 NAO RECEBER APOS 30 DIAS DO VENCIMENTO.                                                                                                                                                                                                         01112100000000000000111210000000000000       0090339900006270172297112137000096
100000000000000000000009033990000627000000000000000000000000010002020012475611211600000000002            2  01124756112111112100000002417640000000001N011121000000000000000000000000000000000000000000000000000000000000000100012475663820CELIDALVA GOES DE CARVALHO              RUA JOSE CALIXTO DO CARMO - 286 AP.91 -             11702690                                                            000098
2SR. CAIXA, APOS O VENCIMENTO COBRAR 2% DE MULTA                                 NAO RECEBER APOS 30 DIAS DO VENCIMENTO.                                                                                                                                                                                                         01112100000000000000111210000000000000       0090339900006270124756112116000099
100000000000000000000009033990000627000000000000000000000000010002020033451611211300000000002            2  01334516112111112100000002018890000000001N011121000000000000000000000000000000000000000000000000000000000000000100033451620839ARAO ELISIARIO  NUNES                   RUA JOSE CALIXTO DO CARMO - 286 AP.64 -             11702690                                                            000101
2SR. CAIXA, APOS O VENCIMENTO COBRAR 2% DE MULTA                                 NAO RECEBER APOS 30 DIAS DO VENCIMENTO.                                                                                                                                                                                                         01112100000000000000111210000000000000       0090339900006270334516112113000102
100000000000000000000009033990000627000000000000000000000000010002020045839211211000000000002            2  01458392112111112100000001567020000000001N011121000000000000000000000000000000000000000000000000000000000000000100045839263834LEONARDO ANTONIO CONCELLIERI            RUA JOSE CALIXTO DO CARMO - 286 AP.51 -             11702690                                                            000104
2SR. CAIXA, APOS O VENCIMENTO COBRAR 2% DE MULTA                                 NAO RECEBER APOS 30 DIAS DO VENCIMENTO.                                                                                                                                                                                                         01112100000000000000111210000000000000       0090339900006270458392112110000105
100000000000000000000009033990000627000000000000000000000000010002020011369111211100000000002            2  01113691112111112100000002205390000000001N011121000000000000000000000000000000000000000000000000000000000000000100011369165803ELIANA CORREA DE OLIVEIRA               RUA MAESTRO ZEFERINO SANTANA - 65 - VILA            18040010                                                            000107
2SR. CAIXA, APOS O VENCIMENTO COBRAR 2% DE MULTA                                 NAO RECEBER APOS 30 DIAS DO VENCIMENTO.                                                                                                                                                                                                         01112100000000000000111210000000000000       0090339900006270113691112111000108
100000000000000000000009033990000627000000000000000000000000010002020002253811211500000000002            2  01022538112111112100000001960160000000001N011121000000000000000000000000000000000000000000000000000000000000000100002253816809EDMILSON ALVES DA SILVA                 RUA JOSE CALIXTO DO CARMO - 286 AP.93 -             11702690                                                            000110
2SR. CAIXA, APOS O VENCIMENTO COBRAR 2% DE MULTA                                 NAO RECEBER APOS 30 DIAS DO VENCIMENTO.                                                                                                                                                                                                         01112100000000000000111210000000000000       0090339900006270022538112115000111
100000000000000000000009033990000627000000000000000000000000010002020037947011211700000000002            2  01379470112111112100000003481370000000001N011121000000000000000000000000000000000000000000000000000000000000000100037947070873BRUNO DE CAETANO MARRINHAS              AVENIDA GENERAL BARRETO DE MENEZES - 323            09791150                                                            000113
2SR. CAIXA, APOS O VENCIMENTO COBRAR 2% DE MULTA                                 NAO RECEBER APOS 30 DIAS DO VENCIMENTO.                                                                                                                                                                                                         01112100000000000000111210000000000000       0090339900006270379470112117000114
100000000000000000000009033990000627000000000000000000000000010002020037517711211500000000002            2  01375177112109112100000003673670000000001N011121000000000000000000000000000000000000000000000000000000000000000100037517785869RENATO JOSE DE LIMA MELO                RUA ARISTIDES LOBO - 148 AP.41 BLOCO 03             03041100                                                            000116
2SR. CAIXA, APOS O VENCIMENTO COBRAR 2% DE MULTA                                 NAO RECEBER APOS 30 DIAS DO VENCIMENTO.                                                                                                                                                                                                         01112100000000000000111210000000000000       0090339900006270375177112115000117
100000000000000000000009033990000627000000000000000000000000010002020070367911211600000000002            2  01703679112111112100000001840700000000001N011121000000000000000000000000000000000000000000000000000000000000000100070367949849TEODOMIRO ALVES DOS SANTOS              RUA ANDRE PAZ - 13 - JARDIM SANTO ANDRE             08390230                                                            000119
2SR. CAIXA, APOS O VENCIMENTO COBRAR 2% DE MULTA                                 NAO RECEBER APOS 30 DIAS DO VENCIMENTO.                                                                                                                                                                                                         01112100000000000000111210000000000000       0090339900006270703679112116000120
100000000000000000000009033990000627000000000000000000000000010002020004410811211500000000002            2  01044108112109112100000002729570000000001N011121000000000000000000000000000000000000000000000000000000000000000100004410802860LUIZ ALBERTO MARINHO                    RUA DA INDEPENDENCIA - 706 AP.41B - CAMB            01524000                                                            000122
2SR. CAIXA, APOS O VENCIMENTO COBRAR 2% DE MULTA                                 NAO RECEBER APOS 30 DIAS DO VENCIMENTO.                                                                                                                                                                                                         01112100000000000000111210000000000000       0090339900006270044108112115000123
100000000000000000000009033990000627000000000000000000000000010002020018035011211200000000002            2  01180350112111112100000002463600000000001N011121000000000000000000000000000000000000000000000000000000000000000100018035075861ROSANGELA BISPO SANTOS                  RUA CASSIANO GABUS MENDES - 292 - JD. CA            09896160                                                            000125
2SR. CAIXA, APOS O VENCIMENTO COBRAR 2% DE MULTA                                 NAO RECEBER APOS 30 DIAS DO VENCIMENTO.                                                                                                                                                                                                         01112100000000000000111210000000000000       0090339900006270180350112112000126
100000000000000000000009033990000627000000000000000000000000010002020004767611212900000000002            2  01047676112109112100000003643930000000001N011121000000000000000000000000000000000000000000000000000000000000000100004767679893ORLANDO GRANDE FILHO                    RUA ORLANDO MIGLIARI - 101 - JARDIM OURO            19906140                                                            000128
2SR. CAIXA, APOS O VENCIMENTO COBRAR 2% DE MULTA                                 NAO RECEBER APOS 30 DIAS DO VENCIMENTO.                                                                                                                                                                                                         01112100000000000000111210000000000000       0090339900006270047676112129000129
100000000000000000000009033990000627000000000000000000000000010002020064677811211600000000002            2  01646778112109112100000002931260000000001N011121000000000000000000000000000000000000000000000000000000000000000100064677850887ANTONIO CARLOS DE OLIVEIRA              RUA DR.ANTONIO MAZILLI FILHO - 435 - PAR            02230070                                                            000131
2SR. CAIXA, APOS O VENCIMENTO COBRAR 2% DE MULTA                                 NAO RECEBER APOS 30 DIAS DO VENCIMENTO.                                                                                                                                                                                                         01112100000000000000111210000000000000       0090339900006270646778112116000132
100000000000000000000009033990000627000000000000000000000000010002020007328911211100000000002            2  01073289112109112100000003576300000000001N011121000000000000000000000000000000000000000000000000000000000000000100007328927836BENEDITO APARECIDO ROCHA                AVENIDA SENADOR JOSE ERMINIO DE MORAES -            02357002                                                            000134
2SR. CAIXA, APOS O VENCIMENTO COBRAR 2% DE MULTA                                 NAO RECEBER APOS 30 DIAS DO VENCIMENTO.                                                                                                                                                                                                         01112100000000000000111210000000000000       0090339900006270073289112111000135
100000000000000000000009033990000627000000000000000000000000010002020028082611211000000000002            2  01280826112111112100000002043640000000001N011121000000000000000000000000000000000000000000000000000000000000000100028082615869PRISCILA PEREIRA                        ALAMEDA AFONSO BOCCHIGLIERI - 184 - INTE            04445130                                                            000137
2SR. CAIXA, APOS O VENCIMENTO COBRAR 2% DE MULTA                                 NAO RECEBER APOS 30 DIAS DO VENCIMENTO.                                                                                                                                                                                                         01112100000000000000111210000000000000       0090339900006270280826112110000138
100000000000000000000009033990000627000000000000000000000000010002020013184811211900000000002            2  01131848112111112100000002119250000000001N011121000000000000000000000000000000000000000000000000000000000000000100013184856810SYDNEY HENRIQUE GAMARANO JUNIOR         RUA JOSE CALIXTO DO CARMO - 286 AP.125 -            11702690                                                            000140
2SR. CAIXA, APOS O VENCIMENTO COBRAR 2% DE MULTA                                 NAO RECEBER APOS 30 DIAS DO VENCIMENTO.                                                                                                                                                                                                         01112100000000000000111210000000000000       0090339900006270131848112119000141
100000000000000000000009033990000627000000000000000000000000010002020058488611211900000000002            2  01584886112109112100000002673520000000001N011121000000000000000000000000000000000000000000000000000000000000000100058488618972ADAILTON ZANUTTO MORESCHI               R:RAPHAEL UNGARO - COND.RESERVA SERRA Q.            13212138                                                            000143
2SR. CAIXA, APOS O VENCIMENTO COBRAR 2% DE MULTA                                 NAO RECEBER APOS 30 DIAS DO VENCIMENTO.                                                                                                                                                                                                         01112100000000000000111210000000000000       0090339900006270584886112119000144
100000000000000000000009033990000627000000000000000000000000010002020040194811211300000000002            2  01401948112109112100000003550130000000001N011121000000000000000000000000000000000000000000000000000000000000000100040194815803JULIANA SANTOS PENSSE                   RUA SALVADOR SOARES - 85 - QUINHOES DA B            13190240                                                            000146
2SR. CAIXA, APOS O VENCIMENTO COBRAR 2% DE MULTA                                 NAO RECEBER APOS 30 DIAS DO VENCIMENTO.                                                                                                                                                                                                         01112100000000000000111210000000000000       0090339900006270401948112113000147
100000000000000000000009033990000627000000000000000000000000010002020002196011211300000000002            2  01021960112111112100000002010250000000001N011121000000000000000000000000000000000000000000000000000000000000000100002196012831VILEFORT DIAS BORGES                    RUA PORTO XAVIER - 189 AP.64 - VILA CARM            08210170                                                            000149
2SR. CAIXA, APOS O VENCIMENTO COBRAR 2% DE MULTA                                 NAO RECEBER APOS 30 DIAS DO VENCIMENTO.                                                                                                                                                                                                         01112100000000000000111210000000000000       0090339900006270021960112113000150
100000000000000000000009033990000627000000000000000000000000010002020031861511211100000000002            2  01318615112111112100000002089430000000001N011121000000000000000000000000000000000000000000000000000000000000000100031861586809VANIA TOMAZ                             RUA MANOEL DOS REIS MACHADO - 557 - JARD            13221653                                                            000152
2SR. CAIXA, APOS O VENCIMENTO COBRAR 2% DE MULTA                                 NAO RECEBER APOS 30 DIAS DO VENCIMENTO.                                                                                                                                                                                                         01112100000000000000111210000000000000       0090339900006270318615112111000153
100000000000000000000009033990000627000000000000000000000000010002020003104511211500000000002            2  01031045112109112100000007782530000000001N011121000000000000000000000000000000000000000000000000000000000000000100003104580804NELSON RODRIGUES                        RUA AGUA SANTA - 114 - AGUA RASA - SAO P            03179110                                                            000155
2SR. CAIXA, APOS O VENCIMENTO COBRAR 2% DE MULTA                                 NAO RECEBER APOS 30 DIAS DO VENCIMENTO.                                                                                                                                                                                                         01112100000000000000111210000000000000       0090339900006270031045112115000156
100000000000000000000009033990000627000000000000000000000000010002020007715311211300000000002            2  01077153112109112100000003288120000000001N011121000000000000000000000000000000000000000000000000000000000000000100007715360627NILTON RENNAN OLIVEIRA GOMES FILHO      RUA CARLOS JOSE BORSTENS - 50 AP.21 - AV            11702750                                                            000158
2SR. CAIXA, APOS O VENCIMENTO COBRAR 2% DE MULTA                                 NAO RECEBER APOS 30 DIAS DO VENCIMENTO.                                                                                                                                                                                                         01112100000000000000111210000000000000       0090339900006270077153112113000159
100000000000000000000009033990000627000000000000000000000000010002020029028411211400000000002            2  01290284112109112100000001362310000000001N011121000000000000000000000000000000000000000000000000000000000000000100029028478825LEONARDO LOUZADA                        RUA CARLOS JOSE BORSTENS - 50 AP.35 - AV            11702750                                                            000161
2SR. CAIXA, APOS O VENCIMENTO COBRAR 2% DE MULTA                                 NAO RECEBER APOS 30 DIAS DO VENCIMENTO.                                                                                                                                                                                                         01112100000000000000111210000000000000       0090339900006270290284112114000162
100000000000000000000009033990000627000000000000000000000000010002020007194011211400000000002            2  01071940112111112100000002336510000000001N011121000000000000000000000000000000000000000000000000000000000000000100007194010895RAUL AMANTINO KIRK DE SANCTIS           AVENIDA SANTA CATARINA - 756 AP.01 - VIL            04378000                                                            000164
2SR. CAIXA, APOS O VENCIMENTO COBRAR 2% DE MULTA                                 NAO RECEBER APOS 30 DIAS DO VENCIMENTO.                                                                                                                                                                                                         01112100000000000000111210000000000000       0090339900006270071940112114000165
100000000000000000000009033990000627000000000000000000000000010002020025738611211100000000002            2  01257386112109112100000004722470000000001N011121000000000000000000000000000000000000000000000000000000000000000100025738614810VILMAR JOSE PEREIRA                     ALAMEDA TIETE - 646 - CERQUEIRA CESAR -             01417020                                                            000167
2SR. CAIXA, APOS O VENCIMENTO COBRAR 2% DE MULTA                                 NAO RECEBER APOS 30 DIAS DO VENCIMENTO.                                                                                                                                                                                                         01112100000000000000111210000000000000       0090339900006270257386112111000168
100000000000000000000009033990000627000000000000000000000000010002020025738611212P00000000002            2  01257386112109112100000004722460000000001N011121000000000000000000000000000000000000000000000000000000000000000100025738614810VILMAR JOSE PEREIRA                     ALAMEDA TIETE - 646 - CERQUEIRA CESAR -             01417020                                                            000170
2SR. CAIXA, APOS O VENCIMENTO COBRAR 2% DE MULTA                                 NAO RECEBER APOS 30 DIAS DO VENCIMENTO.                                                                                                                                                                                                         01112100000000000000111210000000000000       009033990000627025738611212P000171
100000000000000000000009033990000627000000000000000000000000010002020011141511211300000000002            2  01111415112111112100000002455240000000001N011121000000000000000000000000000000000000000000000000000000000000000100011141508869PAULO ROBERTO TUNES SILVA               RUA PETROBRAS - 405 CASA 07 - VILA ANTON            03474060                                                            000173
2SR. CAIXA, APOS O VENCIMENTO COBRAR 2% DE MULTA                                 NAO RECEBER APOS 30 DIAS DO VENCIMENTO.                                                                                                                                                                                                         01112100000000000000111210000000000000       0090339900006270111415112113000174
100000000000000000000009033990000627000000000000000000000000010002020012449111211900000000002            2  01124491112111112100000002473990000000001N011121000000000000000000000000000000000000000000000000000000000000000100012449104810GILBERTO DOS SANTOS JUNIOR              RUA ALMIRANTE TAMANDARE - 89 AP.143 - BA            09310350                                                            000176
2SR. CAIXA, APOS O VENCIMENTO COBRAR 2% DE MULTA                                 NAO RECEBER APOS 30 DIAS DO VENCIMENTO.                                                                                                                                                                                                         01112100000000000000111210000000000000       0090339900006270124491112119000177
9                                                                                                                                                                                                                                                                                                                                                                                                         000178