01REMESSA01COBRANCA       00000000000004991454AIRES CONSTRUTORA E INCORPORAD237BRADESCO       100918        MX0000081                                                                                                                                                                                                                                                                                     000001
100000000000000000000009077090001674800000000000000000000000010002100001224509181900000000002            2  01012245091825091800000003451510000000001N060918000000000000000000000000000000000000000000000000000000000000000100001224509579REINALDO JUNIOR MARTINS DE ABREU        AVENIDA INTERLAGOS - 7.224 - INTERLAGOS             04777000                                                            000002
2SR. CAIXA, APOS O VENCIMENTO COBRAR 10% DE MULTA                                NAO RECEBER APOS 30 DIAS DO VENCIMENTO.                                                                                                                                                                                                         10091800000000000001009180000000000000       0090770900016748012245091819000003
100000000000000000000009077090001674800000000000000000000000010002100003325109181P00000000002            2  01033251091825091800000003356820000000001N060918000000000000000000000000000000000000000000000000000000000000000100003325102808MARCOS DE OLIVEIRA JUNIOR               RUA LUIS NOVELLETO - 91 - PARQUE CONTINE            05324080                                                            000005
2SR. CAIXA, APOS O VENCIMENTO COBRAR 10% DE MULTA                                NAO RECEBER APOS 30 DIAS DO VENCIMENTO.                                                                                                                                                                                                         10091800000000000001009180000000000000       009077090001674803325109181P000006
100000000000000000000009077090001674800000000000000000000000010002100016338909181100000000002            2  01163389091825091800000003405540000000001N060918000000000000000000000000000000000000000000000000000000000000000100016338929806EDVALDO DA SILVA ANDRADE                RUA ARIA - 434 - PARQUE ALVES DE LIMA -             04902170                                                            000008
2SR. CAIXA, APOS O VENCIMENTO COBRAR 10% DE MULTA                                NAO RECEBER APOS 30 DIAS DO VENCIMENTO.                                                                                                                                                                                                         10091800000000000001009180000000000000       0090770900016748163389091811000009
100000000000000000000009077090001674800000000000000000000000010002100026836909181100000000002            2  01268369091825091800000003083960000000001N060918000000000000000000000000000000000000000000000000000000000000000100026836908860VANDERLEI FIGUEIREDO DE CARVALHO        RUA TUPI - 840 - VILA TUPI - PRAIA GRAND            11703260                                                            000011
2SR. CAIXA, APOS O VENCIMENTO COBRAR 10% DE MULTA                                NAO RECEBER APOS 30 DIAS DO VENCIMENTO.                                                                                                                                                                                                         10091800000000000001009180000000000000       0090770900016748268369091811000012
100000000000000000000009077090001674800000000000000000000000010002100059861509181800000000002            2  01598615091825091800000003425420000000001N060918000000000000000000000000000000000000000000000000000000000000000100059861576800REINALDO LOPES DE OLIVEIRA              RUA DA SERVIDAO - 40 - VILA ROSCHEL - SA            04891045                                                            000014
2SR. CAIXA, APOS O VENCIMENTO COBRAR 10% DE MULTA                                NAO RECEBER APOS 30 DIAS DO VENCIMENTO.                                                                                                                                                                                                         10091800000000000001009180000000000000       0090770900016748598615091818000015
100000000000000000000009077090001674800000000000000000000000010002100016330909181600000000002            2  01163309091825091800000003404680000000001N060918000000000000000000000000000000000000000000000000000000000000000100016330938830KARINA CORDEIRO PIASSA                  CONDE MOREIRA LIMA - 644 - JARDIM JABAQU            04384032                                                            000017
2SR. CAIXA, APOS O VENCIMENTO COBRAR 10% DE MULTA                                NAO RECEBER APOS 30 DIAS DO VENCIMENTO.                                                                                                                                                                                                         10091800000000000001009180000000000000       0090770900016748163309091816000018
100000000000000000000009077090001674800000000000000000000000010002100077027609181900000000002            2  01770276091825091800000003309080000000001N060918000000000000000000000000000000000000000000000000000000000000000100077027604868CLINEU LISSONI                          AVENIDA VILA EMA - 1100 AP.41 - VILA PRU            03156000                                                            000020
2SR. CAIXA, APOS O VENCIMENTO COBRAR 10% DE MULTA                                NAO RECEBER APOS 30 DIAS DO VENCIMENTO.                                                                                                                                                                                                         10091800000000000001009180000000000000       0090770900016748770276091819000021
100000000000000000000009077090001674800000000000000000000000010002100029380709181600000000002            2  01293807091825091800000003084140000000001N060918000000000000000000000000000000000000000000000000000000000000000100029380708882EDUARDO MENDONCA DAMASCENO              RUA MONTE CASTELO - 296 AP.12 - AVIACAO             11702720                                                            000023
2SR. CAIXA, APOS O VENCIMENTO COBRAR 10% DE MULTA                                NAO RECEBER APOS 30 DIAS DO VENCIMENTO.                                                                                                                                                                                                         10091800000000000001009180000000000000       0090770900016748293807091816000024
100000000000000000000009077090001674800000000000000000000000010002100023988509181P00000000002            2  01239885091825091800000003131600000000001N060918000000000000000000000000000000000000000000000000000000000000000100023988525634DALMY PIMENTA                           SAO CAETANO - 136 - VILA SAO VICENTE - U            38026220                                                            000026
2SR. CAIXA, APOS O VENCIMENTO COBRAR 10% DE MULTA                                NAO RECEBER APOS 30 DIAS DO VENCIMENTO.                                                                                                                                                                                                         10091800000000000001009180000000000000       009077090001674823988509181P000027
100000000000000000000009077090001674800000000000000000000000010002100004735209181100000000002            2  01047352091825091800000003404880000000001N060918000000000000000000000000000000000000000000000000000000000000000100004735273832DARIO LUIZ GONCALVES                    RUA MONTE CASTELO - 295 AP.113 - AVIACAO            11702720                                                            000029
2SR. CAIXA, APOS O VENCIMENTO COBRAR 10% DE MULTA                                NAO RECEBER APOS 30 DIAS DO VENCIMENTO.                                                                                                                                                                                                         10091800000000000001009180000000000000       0090770900016748047352091811000030
100000000000000000000009077090001674800000000000000000000000010002100007635209181100000000002            2  01076352091825091800000003044170000000001N060918000000000000000000000000000000000000000000000000000000000000000100007635293893SILVIO CARDOSO ZACARIAS                 RUA SOLIDONIO LEITE - 2718 AP.102 BLOCO             03275000                                                            000032
2SR. CAIXA, APOS O VENCIMENTO COBRAR 10% DE MULTA                                NAO RECEBER APOS 30 DIAS DO VENCIMENTO.                                                                                                                                                                                                         10091800000000000001009180000000000000       0090770900016748076352091811000033
100000000000000000000009077090001674800000000000000000000000010002100067192909181100000000002            2  01671929091825091800000002980150000000001N060918000000000000000000000000000000000000000000000000000000000000000100067192920800SONIA MARIA RIBEIRO SUDO                RUA INGAZEIRA - 133 - SAO MIGUEL - SAO P            08032080                                                            000035
2SR. CAIXA, APOS O VENCIMENTO COBRAR 10% DE MULTA                                NAO RECEBER APOS 30 DIAS DO VENCIMENTO.                                                                                                                                                                                                         10091800000000000001009180000000000000       0090770900016748671929091811000036
100000000000000000000009077090001674800000000000000000000000010002100007975909181500000000002            2  01079759091825091800000003311890000000001N060918000000000000000000000000000000000000000000000000000000000000000100007975958808JOCY VIGNADO                            RUA PEDRO GONCALVES SOBRINHO - 568 - PAR            13098641                                                            000038
2SR. CAIXA, APOS O VENCIMENTO COBRAR 10% DE MULTA                                NAO RECEBER APOS 30 DIAS DO VENCIMENTO.                                                                                                                                                                                                         10091800000000000001009180000000000000       0090770900016748079759091815000039
100000000000000000000009077090001674800000000000000000000000010002100036712509181800000000002            2  01367125091825091800000003096750000000001N060918000000000000000000000000000000000000000000000000000000000000000100036712580803WALTER BARRETO DE ALMEIDA               RUA MONTE CASTELO - 296 AP.44 - AVIACAO             11702720                                                            000041
2SR. CAIXA, APOS O VENCIMENTO COBRAR 10% DE MULTA                                NAO RECEBER APOS 30 DIAS DO VENCIMENTO.                                                                                                                                                                                                         10091800000000000001009180000000000000       0090770900016748367125091818000042
100000000000000000000009077090001674800000000000000000000000010002100036386809181700000000002            2  01363868091825091800000003497860000000001N060918000000000000000000000000000000000000000000000000000000000000000100036386861833ALINE LEE WEI DE SOUZA                  AV. PRES.CASTELO BRANCO - 9127 AP.251 BL            11704600                                                            000044
2SR. CAIXA, APOS O VENCIMENTO COBRAR 10% DE MULTA                                NAO RECEBER APOS 30 DIAS DO VENCIMENTO.                                                                                                                                                                                                         10091800000000000001009180000000000000       0090770900016748363868091817000045
100000000000000000000009077090001674800000000000000000000000010002100070465309181800000000002            2  01704653091825091800000003181740000000001N060918000000000000000000000000000000000000000000000000000000000000000100070465320953SIDNEY CARASKI                          RUA DR.CELSO PACHECO BENTIM - 502 - PARQ            03571020                                                            000047
2SR. CAIXA, APOS O VENCIMENTO COBRAR 10% DE MULTA                                NAO RECEBER APOS 30 DIAS DO VENCIMENTO.                                                                                                                                                                                                         10091800000000000001009180000000000000       0090770900016748704653091818000048
100000000000000000000009077090001674800000000000000000000000010002100075759409181300000000002            2  01757594091825091800000002491570000000001N060918000000000000000000000000000000000000000000000000000000000000000100075759446800VALTER MUTAFEI                          RUA MONTE CASTELO - 295 AP.54 - AVIACAO             11702720                                                            000050
2SR. CAIXA, APOS O VENCIMENTO COBRAR 10% DE MULTA                                NAO RECEBER APOS 30 DIAS DO VENCIMENTO.                                                                                                                                                                                                         10091800000000000001009180000000000000       0090770900016748757594091813000051
100000000000000000000009077090001674800000000000000000000000010002100070328709181100000000002            2  01703287091825091800000003559840000000001N060918000000000000000000000000000000000000000000000000000000000000000100070328706868VALTER LIMA FERNANDES                   RUA DOMINGOS JORGE VELHO - 52 - CENTRO -            06843550                                                            000053
2SR. CAIXA, APOS O VENCIMENTO COBRAR 10% DE MULTA                                NAO RECEBER APOS 30 DIAS DO VENCIMENTO.                                                                                                                                                                                                         10091800000000000001009180000000000000       0090770900016748703287091811000054
100000000000000000000009077090001674800000000000000000000000010002100023132609181700000000002            2  01231326091825091800000001933670000000001N060918000000000000000000000000000000000000000000000000000000000000000100023132672882LEANDRO MORENO                          RUA MONTE CASTELO - 296 AP.64 - AVIACAO             11702720                                                            000056
2SR. CAIXA, APOS O VENCIMENTO COBRAR 10% DE MULTA                                NAO RECEBER APOS 30 DIAS DO VENCIMENTO.                                                                                                                                                                                                         10091800000000000001009180000000000000       0090770900016748231326091817000057
100000000000000000000009077090001674800000000000000000000000010002100099264609181600000000002            2  01992646091825091800000003297680000000001N060918000000000000000000000000000000000000000000000000000000000000000100099264692800LEONTINO PINHEIRO DA SILVA              AVENIDA JOAO BATISTA FITIPALDI - 469 - V            08685000                                                            000059
2SR. CAIXA, APOS O VENCIMENTO COBRAR 10% DE MULTA                                NAO RECEBER APOS 30 DIAS DO VENCIMENTO.                                                                                                                                                                                                         10091800000000000001009180000000000000       0090770900016748992646091816000060
100000000000000000000009077090001674800000000000000000000000010002100000666309181700000000002            2  01006663091825091800000003181340000000001N060918000000000000000000000000000000000000000000000000000000000000000100000666344825LUIZ HENRIQUE DE CAMPOS                 RUA JOAO CARLOS CAVALCANTI REIS - 21 - J            02281206                                                            000062
2SR. CAIXA, APOS O VENCIMENTO COBRAR 10% DE MULTA                                NAO RECEBER APOS 30 DIAS DO VENCIMENTO.                                                                                                                                                                                                         10091800000000000001009180000000000000       0090770900016748006663091817000063
100000000000000000000009077090001674800000000000000000000000010002100029155009181700000000002            2  01291550091825091800000003359630000000001N060918000000000000000000000000000000000000000000000000000000000000000100029155026842DANIELA YOSHIDA                         RUA MONTE CASTELO - 262 AP.34 - AVIACAO             11702720                                                            000065
2SR. CAIXA, APOS O VENCIMENTO COBRAR 10% DE MULTA                                NAO RECEBER APOS 30 DIAS DO VENCIMENTO.                                                                                                                                                                                                         10091800000000000001009180000000000000       0090770900016748291550091817000066
100000000000000000000009077090001674800000000000000000000000010002100001204409181000000000002            2  01012044091825091800000002735920000000001N060918000000000000000000000000000000000000000000000000000000000000000100001204431809CEZAR TALAVERA JUNIOR                   RUA MAESTRO ARTURO DE ANGELIS  - 190 AP.            05139010                                                            000068
2SR. CAIXA, APOS O VENCIMENTO COBRAR 10% DE MULTA                                NAO RECEBER APOS 30 DIAS DO VENCIMENTO.                                                                                                                                                                                                         10091800000000000001009180000000000000       0090770900016748012044091810000069
100000000000000000000009077090001674800000000000000000000000010002100004227509181P00000000002            2  01042275091825091800000003546610000000001N060918000000000000000000000000000000000000000000000000000000000000000100004227553970ALESSANDRO ISRAEL GOULART               RUA PROFESSORA CARLINDA RIBEIRO - 21 - F            02866200                                                            000071
2SR. CAIXA, APOS O VENCIMENTO COBRAR 10% DE MULTA                                NAO RECEBER APOS 30 DIAS DO VENCIMENTO.                                                                                                                                                                                                         10091800000000000001009180000000000000       009077090001674804227509181P000072
100000000000000000000009077090001674800000000000000000000000010002100060811409181300000000002            2  01608114091825091800000003268610000000001N060918000000000000000000000000000000000000000000000000000000000000000100060811420868HELIO BASSI                             AV.PARIS,575 - PRACA ANTONIO FIGUEROA -             11700082                                                            000074
2SR. CAIXA, APOS O VENCIMENTO COBRAR 10% DE MULTA                                NAO RECEBER APOS 30 DIAS DO VENCIMENTO.                                                                                                                                                                                                         10091800000000000001009180000000000000       0090770900016748608114091813000075
100000000000000000000009077090001674800000000000000000000000010002100001024709181300000000002            2  01010247091825091800000003092980000000001N060918000000000000000000000000000000000000000000000000000000000000000100001024794881CLAUDIO RODRIGUES                       RUA ARACATUBA - 242 - LAPA - SAO PAULO -            05058010                                                            000077
2SR. CAIXA, APOS O VENCIMENTO COBRAR 10% DE MULTA                                NAO RECEBER APOS 30 DIAS DO VENCIMENTO.                                                                                                                                                                                                         10091800000000000001009180000000000000       0090770900016748010247091813000078
100000000000000000000009077090001674800000000000000000000000010002100002225009181400000000002            2  01022250091825091800000004741930000000001N060918000000000000000000000000000000000000000000000000000000000000000100002225072841PEDRO EDUARDO DE AZEVEDO                RUA NATH ZILMAN - 46 - JARDIM SAMAMBAIA             07600000                                                            000080
2SR. CAIXA, APOS O VENCIMENTO COBRAR 10% DE MULTA                                NAO RECEBER APOS 30 DIAS DO VENCIMENTO.                                                                                                                                                                                                         10091800000000000001009180000000000000       0090770900016748022250091814000081
100000000000000000000009077090001674800000000000000000000000010002100022037509181200000000002            2  01220375091825091800000003299870000000001N060918000000000000000000000000000000000000000000000000000000000000000100022037552882ANDREIA CRISTINA FERNANDES DANTAS       PCA CASTRO ALVES - 163 AP.33 - VILA SAO             13224299                                                            000083
2SR. CAIXA, APOS O VENCIMENTO COBRAR 10% DE MULTA                                NAO RECEBER APOS 30 DIAS DO VENCIMENTO.                                                                                                                                                                                                         10091800000000000001009180000000000000       0090770900016748220375091812000084
100000000000000000000009077090001674800000000000000000000000010002100019288709181000000000002            2  01192887091825091800000002686850000000001N060918000000000000000000000000000000000000000000000000000000000000000100019288787844EMERSON LUIZ MARTINEZ PEREIRA           RUA MONTE CASTELO - 296 AP.74 - AVIACAO             11702720                                                            000086
2SR. CAIXA, APOS O VENCIMENTO COBRAR 10% DE MULTA                                NAO RECEBER APOS 30 DIAS DO VENCIMENTO.                                                                                                                                                                                                         10091800000000000001009180000000000000       0090770900016748192887091810000087
100000000000000000000009077090001674800000000000000000000000010002100027198409181400000000002            2  01271984091825091800000002275900000000001N060918000000000000000000000000000000000000000000000000000000000000000100027198452809CRISTIANE AURELIANO DA SILVA MAIA       RUA MONTE CASTELO - 262 AP.25 - AVIACAO             11702720                                                            000089
2SR. CAIXA, APOS O VENCIMENTO COBRAR 10% DE MULTA                                NAO RECEBER APOS 30 DIAS DO VENCIMENTO.                                                                                                                                                                                                         10091800000000000001009180000000000000       0090770900016748271984091814000090
100000000000000000000009077090001674800000000000000000000000010002100021246209181800000000002            2  01212462091825091800000002777490000000001N060918000000000000000000000000000000000000000000000000000000000000000100021246231840ALEXANDRO DA CUNHA MIGUES               AVENIDA CONSELHEIRO CARRAO - 1861 CONJ.5            03403001                                                            000092
2SR. CAIXA, APOS O VENCIMENTO COBRAR 10% DE MULTA                                NAO RECEBER APOS 30 DIAS DO VENCIMENTO.                                                                                                                                                                                                         10091800000000000001009180000000000000       0090770900016748212462091818000093
100000000000000000000009077090001674800000000000000000000000010002100004864909181700000000002            2  01048649091825091800000001663000000000001N060918000000000000000000000000000000000000000000000000000000000000000100004864924600RENATO SANTACHIARA SALVADORI            RUA PENSYLVANIA - 116 - PAYSAGE BRISE -             06730000                                                            000095
2SR. CAIXA, APOS O VENCIMENTO COBRAR 10% DE MULTA                                NAO RECEBER APOS 30 DIAS DO VENCIMENTO.                                                                                                                                                                                                         10091800000000000001009180000000000000       0090770900016748048649091817000096
100000000000000000000009077090001674800000000000000000000000010002100018834209181600000000002            2  01188342091825091800000003244420000000001N060918000000000000000000000000000000000000000000000000000000000000000100018834257863ILTON FERNANDO MUTCHNIK                 RUA ASSUNGUI - 700 AP.222 - VILA GUMERCI            04131001                                                            000098
2SR. CAIXA, APOS O VENCIMENTO COBRAR 10% DE MULTA                                NAO RECEBER APOS 30 DIAS DO VENCIMENTO.                                                                                                                                                                                                         10091800000000000001009180000000000000       0090770900016748188342091816000099
100000000000000000000009077090001674800000000000000000000000010002100018470509181800000000002            2  01184705091825091800000004086100000000001N060918000000000000000000000000000000000000000000000000000000000000000100018470520881SILVANA ALVES DE OLIVEIRA               RUA MONTE CASTELO - 262 AP.91 - AVIACAO             11702720                                                            000101
2SR. CAIXA, APOS O VENCIMENTO COBRAR 10% DE MULTA                                NAO RECEBER APOS 30 DIAS DO VENCIMENTO.                                                                                                                                                                                                         10091800000000000001009180000000000000       0090770900016748184705091818000102
100000000000000000000009077090001674800000000000000000000000010002100009297509181800000000002            2  01092975091825091800000002844700000000001N060918000000000000000000000000000000000000000000000000000000000000000100009297523846MARCOS ROBERTO DE CASTRO FERREIRA       RUA MONTE CASTELO - 262 AP.105 - AVIACAO            11702720                                                            000104
2SR. CAIXA, APOS O VENCIMENTO COBRAR 10% DE MULTA                                NAO RECEBER APOS 30 DIAS DO VENCIMENTO.                                                                                                                                                                                                         10091800000000000001009180000000000000       0090770900016748092975091818000105
100000000000000000000009077090001674800000000000000000000000010002100001164109181700000000002            2  01011641091825091800000003525240000000001N060918000000000000000000000000000000000000000000000000000000000000000100001164158864DAVID BLEY LACERDA                      RUA CONEGO ARAUJO MARCONDES - 188 - BAIR            02550080                                                            000107
2SR. CAIXA, APOS O VENCIMENTO COBRAR 10% DE MULTA                                NAO RECEBER APOS 30 DIAS DO VENCIMENTO.                                                                                                                                                                                                         10091800000000000001009180000000000000       0090770900016748011641091817000108
100000000000000000000009077090001674800000000000000000000000010002100031498009181000000000002            2  01314980091825091800000004284420000000001N060918000000000000000000000000000000000000000000000000000000000000000100031498008895POLIANE  SIBELE DA SILVA                PRACA GENERAL COSTA BARRETO - 56 AP.181             03325070                                                            000110
2SR. CAIXA, APOS O VENCIMENTO COBRAR 10% DE MULTA                                NAO RECEBER APOS 30 DIAS DO VENCIMENTO.                                                                                                                                                                                                         10091800000000000001009180000000000000       0090770900016748314980091810000111
100000000000000000000009077090001674800000000000000000000000010002100000588109181400000000002            2  01005881091825091800000002512900000000001N060918000000000000000000000000000000000000000000000000000000000000000100000588109860JOSE LIARTE GIANTE                      AVENIDA LUIZ GONZAGA DO AMARAL - 143 - J            09320630                                                            000113
2SR. CAIXA, APOS O VENCIMENTO COBRAR 10% DE MULTA                                NAO RECEBER APOS 30 DIAS DO VENCIMENTO.                                                                                                                                                                                                         10091800000000000001009180000000000000       0090770900016748005881091814000114
100000000000000000000009077090001674800000000000000000000000010002100014386809181700000000002            2  01143868091825091800000002010210000000001N060918000000000000000000000000000000000000000000000000000000000000000100014386860134SEVERINO CARLOS DE OLIVEIRA             RUA MONTE CASTELO - 262 AP.54 - AVIACAO             11702720                                                            000116
2SR. CAIXA, APOS O VENCIMENTO COBRAR 10% DE MULTA                                NAO RECEBER APOS 30 DIAS DO VENCIMENTO.                                                                                                                                                                                                         10091800000000000001009180000000000000       0090770900016748143868091817000117
100000000000000000000009077090001674800000000000000000000000010002100029088209181400000000002            2  01290882091825091800000002234830000000001N060918000000000000000000000000000000000000000000000000000000000000000100029088221804FABIANO SPERANDEO                       RUA MONTE CASTELO - 296 AP.93 - AVIACAO             11702720                                                            000119
2SR. CAIXA, APOS O VENCIMENTO COBRAR 10% DE MULTA                                NAO RECEBER APOS 30 DIAS DO VENCIMENTO.                                                                                                                                                                                                         10091800000000000001009180000000000000       0090770900016748290882091814000120
100000000000000000000009077090001674800000000000000000000000010002100039393709181200000000002            2  01393937091825091800000001385440000000001N060918000000000000000000000000000000000000000000000000000000000000000100039393790850NAIRON RICARDO DE ARAUJO SANTOS         RUA MONTE CASTELO - 262 AP.23 - AVIACAO             11702720                                                            000122
2SR. CAIXA, APOS O VENCIMENTO COBRAR 10% DE MULTA                                NAO RECEBER APOS 30 DIAS DO VENCIMENTO.                                                                                                                                                                                                         10091800000000000001009180000000000000       0090770900016748393937091812000123
100000000000000000000009077090001674800000000000000000000000010002100041896809181300000000002            2  01418968091825091800000002017690000000001N060918000000000000000000000000000000000000000000000000000000000000000100041896807968SERGIO ROBERTO DA SILVA                 RUA DOS INGLESES - 542 AP.61 - MORRO DOS            01329000                                                            000125
2SR. CAIXA, APOS O VENCIMENTO COBRAR 10% DE MULTA                                NAO RECEBER APOS 30 DIAS DO VENCIMENTO.                                                                                                                                                                                                         10091800000000000001009180000000000000       0090770900016748418968091813000126
100000000000000000000009077090001674800000000000000000000000010002100088137309181100000000002            2  01881373091825091800000001829560000000001N060918000000000000000000000000000000000000000000000000000000000000000100088137384804ANA LUCIA DA SILVA                      RUA DOUTOR EPAMINONDAS BARRA - 147 - VIL            04438100                                                            000128
2SR. CAIXA, APOS O VENCIMENTO COBRAR 10% DE MULTA                                NAO RECEBER APOS 30 DIAS DO VENCIMENTO.                                                                                                                                                                                                         10091800000000000001009180000000000000       0090770900016748881373091811000129
9                                                                                                                                                                                                                                                                                                                                                                                                         000130