01REMESSA01COBRANCA       00000000000008017025HB SANTOS CONSTRUTORA E INCORP237BRADESCO       080322        MX0000149                                                                                                                                                                                                                                                                                     000001
100000000000000000000009033990000627000000000000000000000000010002020025035103221800000000002            2  01250351032224032200000002641920000000001N070322000000000000000000000000000000000000000000000000000000000000000100025035170802WANDERSON LUIS DE CARVALHO              RUA JOAQUIM GONCALVES ROCHA - 302 - JARD            02859030                                                            000002
2SR. CAIXA, APOS O VENCIMENTO COBRAR 2% DE MULTA                                 NAO RECEBER APOS 30 DIAS DO VENCIMENTO.                                                                                                                                                                                                         08032200000000000000803220000000000000       0090339900006270250351032218000003
100000000000000000000009033990000627000000000000000000000000010002020007294303221500000000002            2  01072943032224032200000003553380000000001N070322000000000000000000000000000000000000000000000000000000000000000100007294351805CLAUDENIR APARECIDO VACARI              RUA CARLOS JOSE BORSTENS - 50 AP.93 - AV            11702750                                                            000005
2SR. CAIXA, APOS O VENCIMENTO COBRAR 2% DE MULTA                                 NAO RECEBER APOS 30 DIAS DO VENCIMENTO.                                                                                                                                                                                                         08032200000000000000803220000000000000       0090339900006270072943032215000006
100000000000000000000009033990000627000000000000000000000000010002020007525003221000000000002            2  01075250032224032200000003974630000000001N070322000000000000000000000000000000000000000000000000000000000000000100007525032866FERNANDO RIBEIRO                        RUA CARLOS JOSE BORSTENS - 50 AP.32 - AV            11702750                                                            000008
2SR. CAIXA, APOS O VENCIMENTO COBRAR 2% DE MULTA                                 NAO RECEBER APOS 30 DIAS DO VENCIMENTO.                                                                                                                                                                                                         08032200000000000000803220000000000000       0090339900006270075250032210000009
100000000000000000000009033990000627000000000000000000000000010002020005071403221600000000002            2  01050714032224032200000003486520000000001N070322000000000000000000000000000000000000000000000000000000000000000100005071481855ERIBALDO SANTANA CARVALHO               RUA HONDURAS - 477 - PARQUE DAS AMERICAS            09351070                                                            000011
2SR. CAIXA, APOS O VENCIMENTO COBRAR 2% DE MULTA                                 NAO RECEBER APOS 30 DIAS DO VENCIMENTO.                                                                                                                                                                                                         08032200000000000000803220000000000000       0090339900006270050714032216000012
100000000000000000000009033990000627000000000000000000000000010002020002841703221P00000000002            2  01028417032224032200000003261950000000001N070322000000000000000000000000000000000000000000000000000000000000000100002841756416LUCIANA PINHEIRO DE ASSIS NUNES         RUA RIO ACIMA - 81 - RIACHO GRANDE - SAO            09830100                                                            000014
2SR. CAIXA, APOS O VENCIMENTO COBRAR 2% DE MULTA                                 NAO RECEBER APOS 30 DIAS DO VENCIMENTO.                                                                                                                                                                                                         08032200000000000000803220000000000000       009033990000627002841703221P000015
100000000000000000000009033990000627000000000000000000000000010002020084302003221900000000002            2  01843020032224032200000003277600000000001N070322000000000000000000000000000000000000000000000000000000000000000100084302097868FAUSTO TADEU VILOR                      RUA ANTONIO TAVARES - 466 - BAIRRO CAMBU            01542010                                                            000017
2SR. CAIXA, APOS O VENCIMENTO COBRAR 2% DE MULTA                                 NAO RECEBER APOS 30 DIAS DO VENCIMENTO.                                                                                                                                                                                                         08032200000000000000803220000000000000       0090339900006270843020032219000018
100000000000000000000009033990000627000000000000000000000000010002020028804203221900000000002            2  01288042032224032200000003220270000000001N070322000000000000000000000000000000000000000000000000000000000000000100028804202882GILBERTO FABIANO CABRAL DE CAMARGO      RUA CARLOS JOSE BORSTENS - 50 AP.44 - AV            11702750                                                            000020
2SR. CAIXA, APOS O VENCIMENTO COBRAR 2% DE MULTA                                 NAO RECEBER APOS 30 DIAS DO VENCIMENTO.                                                                                                                                                                                                         08032200000000000000803220000000000000       0090339900006270288042032219000021
100000000000000000000009033990000627000000000000000000000000010002020000991703221100000000002            2  01009917032224032200000003143120000000001N070322000000000000000000000000000000000000000000000000000000000000000100000991748808JAILSON BORGES DE ANDRADE               RUA IPIOBUNA - 45 - JARDIM CUMBICA - GUA            07240040                                                            000023
2SR. CAIXA, APOS O VENCIMENTO COBRAR 2% DE MULTA                                 NAO RECEBER APOS 30 DIAS DO VENCIMENTO.                                                                                                                                                                                                         08032200000000000000803220000000000000       0090339900006270009917032211000024
100000000000000000000009033990000627000000000000000000000000010002020022151603221800000000002            2  01221516032224032200000003124860000000001N070322000000000000000000000000000000000000000000000000000000000000000100022151666816SAMIR LIMA DE ARAUJO                    AVENIDA GUARAPIRANGA - 2616 AP.131 BL.14            04902005                                                            000026
2SR. CAIXA, APOS O VENCIMENTO COBRAR 2% DE MULTA                                 NAO RECEBER APOS 30 DIAS DO VENCIMENTO.                                                                                                                                                                                                         08032200000000000000803220000000000000       0090339900006270221516032218000027
100000000000000000000009033990000627000000000000000000000000010002020022313103221P00000000002            2  01223131032226032200000002404350000000001N070322000000000000000000000000000000000000000000000000000000000000000100022313116824ROSA MARIA BRITO DA SILVA               RUA SERVIDAO DE SAO MARCOS - 113 - JARDI            04930300                                                            000029
2SR. CAIXA, APOS O VENCIMENTO COBRAR 2% DE MULTA                                 NAO RECEBER APOS 30 DIAS DO VENCIMENTO.                                                                                                                                                                                                         08032200000000000000803220000000000000       009033990000627022313103221P000030
100000000000000000000009033990000627000000000000000000000000010002020027538003221100000000002            2  01275380032226032200000002412730000000001N070322000000000000000000000000000000000000000000000000000000000000000100027538087249MARA LUCIA MENEZES DA COSTA             RUA LEILA  - 183 - ITAQUERA - SAO PAULO             08240020                                                            000032
2SR. CAIXA, APOS O VENCIMENTO COBRAR 2% DE MULTA                                 NAO RECEBER APOS 30 DIAS DO VENCIMENTO.                                                                                                                                                                                                         08032200000000000000803220000000000000       0090339900006270275380032211000033
100000000000000000000009033990000627000000000000000000000000010002020031278403221800000000002            2  01312784032224032200000003018710000000001N070322000000000000000000000000000000000000000000000000000000000000000100031278411836JEFFERSON DE PIERI PIRES ZAMUNER        RUA MANOEL ARCE - 277 - PARQUE BANCARIO             03922150                                                            000035
2SR. CAIXA, APOS O VENCIMENTO COBRAR 2% DE MULTA                                 NAO RECEBER APOS 30 DIAS DO VENCIMENTO.                                                                                                                                                                                                         08032200000000000000803220000000000000       0090339900006270312784032218000036
100000000000000000000009033990000627000000000000000000000000010002020019185703221P00000000002            2  01191857032226032200000002195650000000001N070322000000000000000000000000000000000000000000000000000000000000000100019185769800AGUINALDO PESSOA DE LIMA                RUA JANUARIO ZINGARO - 252 AP.303 BL.04             05794300                                                            000038
2SR. CAIXA, APOS O VENCIMENTO COBRAR 2% DE MULTA                                 NAO RECEBER APOS 30 DIAS DO VENCIMENTO.                                                                                                                                                                                                         08032200000000000000803220000000000000       009033990000627019185703221P000039
100000000000000000000009033990000627000000000000000000000000010002020033303603221000000000002            2  01333036032226032200000002364880000000001N070322000000000000000000000000000000000000000000000000000000000000000100033303645809JESSICA DA SILVA FREITAS                RUA ARILDO VALADAO - 120 - JARDIM GUAEMB            04814600                                                            000041
2SR. CAIXA, APOS O VENCIMENTO COBRAR 2% DE MULTA                                 NAO RECEBER APOS 30 DIAS DO VENCIMENTO.                                                                                                                                                                                                         08032200000000000000803220000000000000       0090339900006270333036032210000042
100000000000000000000009033990000627000000000000000000000000010002020006422603221600000000002            2  01064226032224032200000003269330000000001N070322000000000000000000000000000000000000000000000000000000000000000100006422607881GERALDO ALVES DA SILVA                  RUA CARLOS JOSE BORSTENS - 50 AP.14 - AV            11702750                                                            000044
2SR. CAIXA, APOS O VENCIMENTO COBRAR 2% DE MULTA                                 NAO RECEBER APOS 30 DIAS DO VENCIMENTO.                                                                                                                                                                                                         08032200000000000000803220000000000000       0090339900006270064226032216000045
100000000000000000000009033990000627000000000000000000000000010002020033877103221800000000002            2  01338771032226032200000002217160000000001N070322000000000000000000000000000000000000000000000000000000000000000100033877129870HELDER FERREIRA VIANA                   RUA JOSE CALIXTO DO CARMO - 286 AP.35 -             11702690                                                            000047
2SR. CAIXA, APOS O VENCIMENTO COBRAR 2% DE MULTA                                 NAO RECEBER APOS 30 DIAS DO VENCIMENTO.                                                                                                                                                                                                         08032200000000000000803220000000000000       0090339900006270338771032218000048
100000000000000000000009033990000627000000000000000000000000010002020028290703221100000000002            2  01282907032226032200000002043410000000001N070322000000000000000000000000000000000000000000000000000000000000000100028290719809VANESSA GIANGARRELLI PEREIRA            RUA BARINEL - 72 - JARDIM COTCHING - SAO            03462130                                                            000050
2SR. CAIXA, APOS O VENCIMENTO COBRAR 2% DE MULTA                                 NAO RECEBER APOS 30 DIAS DO VENCIMENTO.                                                                                                                                                                                                         08032200000000000000803220000000000000       0090339900006270282907032211000051
100000000000000000000009033990000627000000000000000000000000010002020087573003221700000000002            2  01875730032226032200000002231370000000001N070322000000000000000000000000000000000000000000000000000000000000000100087573059604VANDERLEY DE ASSIS                      RUA ROMEU ALBANI - 268 - JARDIM PARQUE R            13803810                                                            000053
2SR. CAIXA, APOS O VENCIMENTO COBRAR 2% DE MULTA                                 NAO RECEBER APOS 30 DIAS DO VENCIMENTO.                                                                                                                                                                                                         08032200000000000000803220000000000000       0090339900006270875730032217000054
100000000000000000000009033990000627000000000000000000000000010002020010825503221400000000002            2  01108255032226032200000002328540000000001N070322000000000000000000000000000000000000000000000000000000000000000100010825513847JOSE APARECIDO PEREIRA                  RUA GENERAL OSORIO - 305 - JARDIM TRINTA            11515130                                                            000056
2SR. CAIXA, APOS O VENCIMENTO COBRAR 2% DE MULTA                                 NAO RECEBER APOS 30 DIAS DO VENCIMENTO.                                                                                                                                                                                                         08032200000000000000803220000000000000       0090339900006270108255032214000057
100000000000000000000009033990000627000000000000000000000000010002020039115103221600000000002            2  01391151032226032200000002870340000000001N070322000000000000000000000000000000000000000000000000000000000000000100039115139840LAIS CRISTINA RIBEIRO ANDO              RUA JOSE CALIXTO DO CARMO - 286 AP.65 -             11702690                                                            000059
2SR. CAIXA, APOS O VENCIMENTO COBRAR 2% DE MULTA                                 NAO RECEBER APOS 30 DIAS DO VENCIMENTO.                                                                                                                                                                                                         08032200000000000000803220000000000000       0090339900006270391151032216000060
100000000000000000000009033990000627000000000000000000000000010002020029617503221400000000002            2  01296175032224032200000003208940000000001N070322000000000000000000000000000000000000000000000000000000000000000100029617510553MARILENE SOUZA DE OLIVEIRA              RUA DAS MONCOES - 460 AP.95 - BAIRRO JAR            09090521                                                            000062
2SR. CAIXA, APOS O VENCIMENTO COBRAR 2% DE MULTA                                 NAO RECEBER APOS 30 DIAS DO VENCIMENTO.                                                                                                                                                                                                         08032200000000000000803220000000000000       0090339900006270296175032214000063
100000000000000000000009033990000627000000000000000000000000010002020000593203221400000000002            2  01005932032224032200000003519430000000001N070322000000000000000000000000000000000000000000000000000000000000000100000593293860WALTER HELIO BARBOSA FILHO              AVENIDA ANTONIO FREDERICO OZANAN - 9500             13214206                                                            000065
2SR. CAIXA, APOS O VENCIMENTO COBRAR 2% DE MULTA                                 NAO RECEBER APOS 30 DIAS DO VENCIMENTO.                                                                                                                                                                                                         08032200000000000000803220000000000000       0090339900006270005932032214000066
100000000000000000000009033990000627000000000000000000000000010002020065584103221600000000002            2  01655841032224032200000001847520000000001N070322000000000000000000000000000000000000000000000000000000000000000100065584147834JOAQUIM DA COSTA MACHADO NETO           RUA CARLOS JOSE BORSTENS - 50 AP.42 - AV            11702750                                                            000068
2SR. CAIXA, APOS O VENCIMENTO COBRAR 2% DE MULTA                                 NAO RECEBER APOS 30 DIAS DO VENCIMENTO.                                                                                                                                                                                                         08032200000000000000803220000000000000       0090339900006270655841032216000069
100000000000000000000009033990000627000000000000000000000000010002020065584103222400000000002            2  01655841032224032200000001847510000000001N070322000000000000000000000000000000000000000000000000000000000000000100065584147834JOAQUIM DA COSTA MACHADO NETO           RUA CARLOS JOSE BORSTENS - 50 AP.42 - AV            11702750                                                            000071
2SR. CAIXA, APOS O VENCIMENTO COBRAR 2% DE MULTA                                 NAO RECEBER APOS 30 DIAS DO VENCIMENTO.                                                                                                                                                                                                         08032200000000000000803220000000000000       0090339900006270655841032224000072
100000000000000000000009033990000627000000000000000000000000010002020006684603221900000000002            2  01066846032226032200000002364600000000001N070322000000000000000000000000000000000000000000000000000000000000000100006684623884LAUDINOR VIEIRA GARCIA                  RUA CANDIDO SALES - 374 - JARDIM PRESIDE            07172000                                                            000074
2SR. CAIXA, APOS O VENCIMENTO COBRAR 2% DE MULTA                                 NAO RECEBER APOS 30 DIAS DO VENCIMENTO.                                                                                                                                                                                                         08032200000000000000803220000000000000       0090339900006270066846032219000075
100000000000000000000009033990000627000000000000000000000000010002020011663503221P00000000002            2  01116635032226032200000002381620000000001N070322000000000000000000000000000000000000000000000000000000000000000100011663589844MARIA SAVIO QUARELLO                    AVENIDA MENDONCA DRUMOND - 321 - JARDIM             03524030                                                            000077
2SR. CAIXA, APOS O VENCIMENTO COBRAR 2% DE MULTA                                 NAO RECEBER APOS 30 DIAS DO VENCIMENTO.                                                                                                                                                                                                         08032200000000000000803220000000000000       009033990000627011663503221P000078
100000000000000000000009033990000627000000000000000000000000010002020010083803221100000000002            2  01100838032226032200000002301040000000001N070322000000000000000000000000000000000000000000000000000000000000000100010083824855IONE FERREIRA COUTO DA SILVA            RUA JOSE RAGEL DE MESQUITA - 60 CS.01 -             07799999                                                            000080
2SR. CAIXA, APOS O VENCIMENTO COBRAR 2% DE MULTA                                 NAO RECEBER APOS 30 DIAS DO VENCIMENTO.                                                                                                                                                                                                         08032200000000000000803220000000000000       0090339900006270100838032211000081
100000000000000000000009033990000627000000000000000000000000010002020031010703221700000000002            2  01310107032226032200000002258070000000001N070322000000000000000000000000000000000000000000000000000000000000000100031010705890ANDRE GONZALEZ RABELLO                  RUA PARAIBA - 106 AP.61 - POMPEIA - SANT            11065470                                                            000083
2SR. CAIXA, APOS O VENCIMENTO COBRAR 2% DE MULTA                                 NAO RECEBER APOS 30 DIAS DO VENCIMENTO.                                                                                                                                                                                                         08032200000000000000803220000000000000       0090339900006270310107032217000084
100000000000000000000009033990000627000000000000000000000000010002020005351003221600000000002            2  01053510032226032200000002117160000000001N070322000000000000000000000000000000000000000000000000000000000000000100005351015897VALERIA ALVES MARCOLINO HINNIGER        RUA JOSE CALIXTO DO CARMO - 286 AP.92 -             11702690                                                            000086
2SR. CAIXA, APOS O VENCIMENTO COBRAR 2% DE MULTA                                 NAO RECEBER APOS 30 DIAS DO VENCIMENTO.                                                                                                                                                                                                         08032200000000000000803220000000000000       0090339900006270053510032216000087
100000000000000000000009033990000627000000000000000000000000010002020031898703221100000000002            2  01318987032224032200000003367540000000001N070322000000000000000000000000000000000000000000000000000000000000000100031898775800ANITA MARTINS COLOMBO                   RUA CARLOS JOSE BORSTENS - 50 AP.115 - A            11702750                                                            000089
2SR. CAIXA, APOS O VENCIMENTO COBRAR 2% DE MULTA                                 NAO RECEBER APOS 30 DIAS DO VENCIMENTO.                                                                                                                                                                                                         08032200000000000000803220000000000000       0090339900006270318987032211000090
100000000000000000000009033990000627000000000000000000000000010002020037983403221100000000002            2  01379834032226032200000002487000000000001N070322000000000000000000000000000000000000000000000000000000000000000100037983484801JOSE ERIVALDO SOUZA DO NASCIMENTO RAMOS RUA LETICIA - 250 - JARDIM GUARUJA - SAO            05877260                                                            000092
2SR. CAIXA, APOS O VENCIMENTO COBRAR 2% DE MULTA                                 NAO RECEBER APOS 30 DIAS DO VENCIMENTO.                                                                                                                                                                                                         08032200000000000000803220000000000000       0090339900006270379834032211000093
100000000000000000000009033990000627000000000000000000000000010002020056289203221200000000002            2  01562892032226032200000001878780000000001N070322000000000000000000000000000000000000000000000000000000000000000100056289286900PEDRO RIBEIRO                           RUA CONEGO MANOEL VAZ - 48 - SANTANA - S            02019050                                                            000095
2SR. CAIXA, APOS O VENCIMENTO COBRAR 2% DE MULTA                                 NAO RECEBER APOS 30 DIAS DO VENCIMENTO.                                                                                                                                                                                                         08032200000000000000803220000000000000       0090339900006270562892032212000096
100000000000000000000009033990000627000000000000000000000000010002020034735303221900000000002            2  01347353032226032200000002578540000000001N070322000000000000000000000000000000000000000000000000000000000000000100034735328866DIEGO FELIPE MOLINA DA SILVA E SOUSA    RUA EMILIA PAULISTA - 135 - VILA TIRADEN            05364020                                                            000098
2SR. CAIXA, APOS O VENCIMENTO COBRAR 2% DE MULTA                                 NAO RECEBER APOS 30 DIAS DO VENCIMENTO.                                                                                                                                                                                                         08032200000000000000803220000000000000       0090339900006270347353032219000099
100000000000000000000009033990000627000000000000000000000000010002020076175603221P00000000002            2  01761756032224032200000004673430000000001N070322000000000000000000000000000000000000000000000000000000000000000100076175685687GILMAR DE OLIVEIRA BRAGA                RUA MARACAJU - 161 AP.202 - NOVA GRANADA            30431350                                                            000101
2SR. CAIXA, APOS O VENCIMENTO COBRAR 2% DE MULTA                                 NAO RECEBER APOS 30 DIAS DO VENCIMENTO.                                                                                                                                                                                                         08032200000000000000803220000000000000       009033990000627076175603221P000102
100000000000000000000009033990000627000000000000000000000000010002020034812203221200000000002            2  01348122032224032200000004457090000000001N070322000000000000000000000000000000000000000000000000000000000000000100034812226880THAIS TORQUATO MIMOSO DE JESUS          RUA ARNALDO CINTRA - 416 AP.104 TORRE 2             03088000                                                            000104
2SR. CAIXA, APOS O VENCIMENTO COBRAR 2% DE MULTA                                 NAO RECEBER APOS 30 DIAS DO VENCIMENTO.                                                                                                                                                                                                         08032200000000000000803220000000000000       0090339900006270348122032212000105
100000000000000000000009033990000627000000000000000000000000010002020012849403221900000000002            2  01128494032226032200000004442120000000001N070322000000000000000000000000000000000000000000000000000000000000000100012849428809MOISES CLAUDIO DO ROSARIO               AVENIDA DR. AUGUSTO DE TOLEDO - 510 AP.1            09541520                                                            000107
2SR. CAIXA, APOS O VENCIMENTO COBRAR 2% DE MULTA                                 NAO RECEBER APOS 30 DIAS DO VENCIMENTO.                                                                                                                                                                                                         08032200000000000000803220000000000000       0090339900006270128494032219000108
100000000000000000000009033990000627000000000000000000000000010002020015702303221900000000002            2  01157023032226032200000002464570000000001N070322000000000000000000000000000000000000000000000000000000000000000100015702353846MARIA DE LOURDES DE MACENO SOUZA        RUA JOSE CALIXTO DO CARMO - 286 AP.83 -             11702690                                                            000110
2SR. CAIXA, APOS O VENCIMENTO COBRAR 2% DE MULTA                                 NAO RECEBER APOS 30 DIAS DO VENCIMENTO.                                                                                                                                                                                                         08032200000000000000803220000000000000       0090339900006270157023032219000111
100000000000000000000009033990000627000000000000000000000000010002020003658603221300000000002            2  01036586032226032200000001835120000000001N070322000000000000000000000000000000000000000000000000000000000000000100003658668814MARINEZ VALENTIN                        RUA JOSE CALIXTO DO CARMO - 286 AP.95 -             11702690                                                            000113
2SR. CAIXA, APOS O VENCIMENTO COBRAR 2% DE MULTA                                 NAO RECEBER APOS 30 DIAS DO VENCIMENTO.                                                                                                                                                                                                         08032200000000000000803220000000000000       0090339900006270036586032213000114
100000000000000000000009033990000627000000000000000000000000010002020003658603222100000000002            2  01036586032226032200000001835110000000001N070322000000000000000000000000000000000000000000000000000000000000000100003658668814MARINEZ VALENTIN                        RUA JOSE CALIXTO DO CARMO - 286 AP.95 -             11702690                                                            000116
2SR. CAIXA, APOS O VENCIMENTO COBRAR 2% DE MULTA                                 NAO RECEBER APOS 30 DIAS DO VENCIMENTO.                                                                                                                                                                                                         08032200000000000000803220000000000000       0090339900006270036586032221000117
100000000000000000000009033990000627000000000000000000000000010002020014087403221100000000002            2  01140874032226032200000002452500000000001N070322000000000000000000000000000000000000000000000000000000000000000100014087484874SERGIO SANTOS DO NASCIMENTO             RUA JOSE CALIXTO DO CARMO - 286 AP.52 -             11702690                                                            000119
2SR. CAIXA, APOS O VENCIMENTO COBRAR 2% DE MULTA                                 NAO RECEBER APOS 30 DIAS DO VENCIMENTO.                                                                                                                                                                                                         08032200000000000000803220000000000000       0090339900006270140874032211000120
100000000000000000000009033990000627000000000000000000000000010002020026834503221000000000002            2  01268345032226032200000002259680000000001N070322000000000000000000000000000000000000000000000000000000000000000100026834550895RAQUEL CARDOSO JOAO                     RUA PEDROSO XAVIER - 277 AP.23 TORRE 01             02732020                                                            000122
2SR. CAIXA, APOS O VENCIMENTO COBRAR 2% DE MULTA                                 NAO RECEBER APOS 30 DIAS DO VENCIMENTO.                                                                                                                                                                                                         08032200000000000000803220000000000000       0090339900006270268345032210000123
100000000000000000000009033990000627000000000000000000000000010002020039540003221900000000002            2  01395400032226032200000002221570000000001N070322000000000000000000000000000000000000000000000000000000000000000100039540008816LUZINETE CLARINDO SILVA                 RUA DEINOS - 275 - BAIRRO CIDADE SATELIT            08340100                                                            000125
2SR. CAIXA, APOS O VENCIMENTO COBRAR 2% DE MULTA                                 NAO RECEBER APOS 30 DIAS DO VENCIMENTO.                                                                                                                                                                                                         08032200000000000000803220000000000000       0090339900006270395400032219000126
100000000000000000000009033990000627000000000000000000000000010002020003311003221600000000002            2  01033110032226032200000002313500000000001N070322000000000000000000000000000000000000000000000000000000000000000100003311030877SEBASTIAO SARUVA NETO                   RUA HAMILTON REGIS - 559 - BAIRRO DO LIM            08051440                                                            000128
2SR. CAIXA, APOS O VENCIMENTO COBRAR 2% DE MULTA                                 NAO RECEBER APOS 30 DIAS DO VENCIMENTO.                                                                                                                                                                                                         08032200000000000000803220000000000000       0090339900006270033110032216000129
100000000000000000000009033990000627000000000000000000000000010002020090091903221200000000002            2  01900919032226032200000002211370000000001N070322000000000000000000000000000000000000000000000000000000000000000100090091990882JUECIR CARVALHO DA LUZ                  RUA JOSE CALIXTO DO CARMO - 286 AP.114 -            11702690                                                            000131
2SR. CAIXA, APOS O VENCIMENTO COBRAR 2% DE MULTA                                 NAO RECEBER APOS 30 DIAS DO VENCIMENTO.                                                                                                                                                                                                         08032200000000000000803220000000000000       0090339900006270900919032212000132
100000000000000000000009033990000627000000000000000000000000010002020037325903221400000000002            2  01373259032226032200000001809700000000001N070322000000000000000000000000000000000000000000000000000000000000000100037325923830MARIA AUGUSTA OLIVEIRA DE ANDRADE       RUA CAIAPOS - 842 AP.63 - VILA TUPI - PR            11703320                                                            000134
2SR. CAIXA, APOS O VENCIMENTO COBRAR 2% DE MULTA                                 NAO RECEBER APOS 30 DIAS DO VENCIMENTO.                                                                                                                                                                                                         08032200000000000000803220000000000000       0090339900006270373259032214000135
100000000000000000000009033990000627000000000000000000000000010002020012478803221100000000002            2  01124788032224032200000003293870000000001N070322000000000000000000000000000000000000000000000000000000000000000100012478899809VITORIA BATISTA QUEIROZ                 RUA CARVALHO DE FREITAS - 255 AP.71A - V            05728030                                                            000137
2SR. CAIXA, APOS O VENCIMENTO COBRAR 2% DE MULTA                                 NAO RECEBER APOS 30 DIAS DO VENCIMENTO.                                                                                                                                                                                                         08032200000000000000803220000000000000       0090339900006270124788032211000138
100000000000000000000009033990000627000000000000000000000000010002020013184803221200000000002            2  01131848032226032200000002186230000000001N070322000000000000000000000000000000000000000000000000000000000000000100013184856810SYDNEY HENRIQUE GAMARANO JUNIOR         RUA JOSE CALIXTO DO CARMO - 286 AP.125 -            11702690                                                            000140
2SR. CAIXA, APOS O VENCIMENTO COBRAR 2% DE MULTA                                 NAO RECEBER APOS 30 DIAS DO VENCIMENTO.                                                                                                                                                                                                         08032200000000000000803220000000000000       0090339900006270131848032212000141
100000000000000000000009033990000627000000000000000000000000010002020097989903221600000000002            2  01979899032226032200000001519300000000001N070322000000000000000000000000000000000000000000000000000000000000000100097989924820NELSON LUIS BERRIBILLE                  RUA SILVEIRA IGNACIO SOBRINHO - 965 - VI            13560294                                                            000143
2SR. CAIXA, APOS O VENCIMENTO COBRAR 2% DE MULTA                                 NAO RECEBER APOS 30 DIAS DO VENCIMENTO.                                                                                                                                                                                                         08032200000000000000803220000000000000       0090339900006270979899032216000144
100000000000000000000009033990000627000000000000000000000000010002020032341803221500000000002            2  01323418032224032200000003421380000000001N070322000000000000000000000000000000000000000000000000000000000000000100032341847803PRISCILA ALVES DE FRANCA MIRANDA        RUA CARLOS JOSE BORSTENS - 50 AP.91 - AV            11702750                                                            000146
2SR. CAIXA, APOS O VENCIMENTO COBRAR 2% DE MULTA                                 NAO RECEBER APOS 30 DIAS DO VENCIMENTO.                                                                                                                                                                                                         08032200000000000000803220000000000000       0090339900006270323418032215000147
100000000000000000000009033990000627000000000000000000000000010002020016050603221000000000002            2  01160506032224032200000003175700000000001N070322000000000000000000000000000000000000000000000000000000000000000100016050684898ANDRE RODRIGUES DE OLIVEIRA             RUA CORACAO PAULISTA - 14 - FAZENDA ITAI            08132430                                                            000149
2SR. CAIXA, APOS O VENCIMENTO COBRAR 2% DE MULTA                                 NAO RECEBER APOS 30 DIAS DO VENCIMENTO.                                                                                                                                                                                                         08032200000000000000803220000000000000       0090339900006270160506032210000150
100000000000000000000009033990000627000000000000000000000000010002020021464903221400000000002            2  01214649032224032200000005005010000000001N070322000000000000000000000000000000000000000000000000000000000000000100021464965846ANDREA APARECIDA DE OLIVEIRA PECCI      RUA ANTONIO BOZ MARFIL - 103 - PARQUE DO            05396020                                                            000152
2SR. CAIXA, APOS O VENCIMENTO COBRAR 2% DE MULTA                                 NAO RECEBER APOS 30 DIAS DO VENCIMENTO.                                                                                                                                                                                                         08032200000000000000803220000000000000       0090339900006270214649032214000153
100000000000000000000009033990000627000000000000000000000000010002020030348103221600000000002            2  01303481032224032200000003032530000000001N070322000000000000000000000000000000000000000000000000000000000000000100030348198892KELLY CRISTINA CORDEIRO                 RUA CARLOS JOSE BORSTENS - 50 AP.25 - AV            11702750                                                            000155
2SR. CAIXA, APOS O VENCIMENTO COBRAR 2% DE MULTA                                 NAO RECEBER APOS 30 DIAS DO VENCIMENTO.                                                                                                                                                                                                         08032200000000000000803220000000000000       0090339900006270303481032216000156
9                                                                                                                                                                                                                                                                                                                                                                                                         000157