01REMESSA01COBRANCA       00000000000005331186HB SANTOS CONSTRUTORA E INCORP237BRADESCO       010823        MX0000077                                                                                                                                                                                                                                                                                     000001
100000000000000000000009033990000995400000000000000000000000010002020026858608231600000000002            2  01268586082308082300000003164060000000001N010823000000000000000000000000000000000000000000000000000000000000000100026858625879GLAUCE FERREIRA DE OLIVEIRA FALSI       RUA LOURENCO ANTONIO BRAGANCA - 116 - JA            04403160                                                            000002
2SR. CAIXA, APOS O VENCIMENTO COBRAR 2% DE MULTA                                 NAO RECEBER APOS 30 DIAS DO VENCIMENTO.                                                                                                                                                                                                         01082300000000000000108230000000000000       0090339900009954268586082316000003
100000000000000000000009033990000995400000000000000000000000010002020029425008231900000000002            2  01294250082308082300000003009010000000001N010823000000000000000000000000000000000000000000000000000000000000000100029425027897FABIA DOS SANTOS DE ANDRADE             AVENIDA ALCIDES CANDIDO DOS SANTOS - 248            11705480                                                            000005
2SR. CAIXA, APOS O VENCIMENTO COBRAR 2% DE MULTA                                 NAO RECEBER APOS 30 DIAS DO VENCIMENTO.                                                                                                                                                                                                         01082300000000000000108230000000000000       0090339900009954294250082319000006
100000000000000000000009033990000995400000000000000000000000010002020078382708231400000000002            2  01783827082308082300000003040770000000001N010823000000000000000000000000000000000000000000000000000000000000000100078382700497JARMELINA BARBOSA DA SILVA              RUA OSCAR CINTRA GORDINHO - 211 AP.51 -             01512010                                                            000008
2SR. CAIXA, APOS O VENCIMENTO COBRAR 2% DE MULTA                                 NAO RECEBER APOS 30 DIAS DO VENCIMENTO.                                                                                                                                                                                                         01082300000000000000108230000000000000       0090339900009954783827082314000009
100000000000000000000009033990000995400000000000000000000000010002020007535308231300000000002            2  01075353082308082300000002981850000000001N010823000000000000000000000000000000000000000000000000000000000000000100007535375839AINAILDE PEREIRA DE CASTRO OLIVETTO     TRAVESSA DORALINA ELIETE ADAO DA SILVA -            08021026                                                            000011
2SR. CAIXA, APOS O VENCIMENTO COBRAR 2% DE MULTA                                 NAO RECEBER APOS 30 DIAS DO VENCIMENTO.                                                                                                                                                                                                         01082300000000000000108230000000000000       0090339900009954075353082313000012
100000000000000000000009033990000995400000000000000000000000010002020017229708231900000000002            2  01172297082308082300000003158620000000001N010823000000000000000000000000000000000000000000000000000000000000000100017229751802BERENICE VIEIRA KERSTING                RUA ATIBAIA - 17 AP.417 - BAIRRO IMPERAD            11707380                                                            000014
2SR. CAIXA, APOS O VENCIMENTO COBRAR 2% DE MULTA                                 NAO RECEBER APOS 30 DIAS DO VENCIMENTO.                                                                                                                                                                                                         01082300000000000000108230000000000000       0090339900009954172297082319000015
100000000000000000000009033990000995400000000000000000000000010002020028974208231000000000002            2  01289742082308082300000002950070000000001N010823000000000000000000000000000000000000000000000000000000000000000100028974233827MARISTELA FAVANI DE OLIVEIRA            RUA GIUSEPPE CARNEVALLI - 96 - BAIRRO BO            09572100                                                            000017
2SR. CAIXA, APOS O VENCIMENTO COBRAR 2% DE MULTA                                 NAO RECEBER APOS 30 DIAS DO VENCIMENTO.                                                                                                                                                                                                         01082300000000000000108230000000000000       0090339900009954289742082310000018
100000000000000000000009033990000995400000000000000000000000010002020092184808231800000000002            2  01921848082308082300000002910810000000001N010823000000000000000000000000000000000000000000000000000000000000000100092184804800CARMEM DO SOCORRO GUILHERME             ESTRADA SAO FRANCISCO - 1.850 AP.182A -             06765000                                                            000020
2SR. CAIXA, APOS O VENCIMENTO COBRAR 2% DE MULTA                                 NAO RECEBER APOS 30 DIAS DO VENCIMENTO.                                                                                                                                                                                                         01082300000000000000108230000000000000       0090339900009954921848082318000021
100000000000000000000009033990000995400000000000000000000000010002020009169708231800000000002            2  01091697082308082300000002334500000000001N010823000000000000000000000000000000000000000000000000000000000000000100009169701830TADEU CONSTANTINO LOPES                 RUA JOSE ANTONIO COELHO - 349 CASA 01 -             04011061                                                            000023
2SR. CAIXA, APOS O VENCIMENTO COBRAR 2% DE MULTA                                 NAO RECEBER APOS 30 DIAS DO VENCIMENTO.                                                                                                                                                                                                         01082300000000000000108230000000000000       0090339900009954091697082318000024
100000000000000000000009033990000995400000000000000000000000010002020042480108231600000000002            2  01424801082308082300000002969710000000001N010823000000000000000000000000000000000000000000000000000000000000000100042480155870JAMITRE SOIOMARA ALVES DO NASCIMENTO DAVRUA URUGUAI - 89 AP.75 - JARDIM GUILHERM            11702300                                                            000026
2SR. CAIXA, APOS O VENCIMENTO COBRAR 2% DE MULTA                                 NAO RECEBER APOS 30 DIAS DO VENCIMENTO.                                                                                                                                                                                                         01082300000000000000108230000000000000       0090339900009954424801082316000027
100000000000000000000009033990000995400000000000000000000000010002020008966508231100000000002            2  01089665082308082300000002805890000000001N010823000000000000000000000000000000000000000000000000000000000000000100008966511856MONICA SILVA REIS                       RUA ORATORIO - 264 E FUNDOS - BANGU - SA            09280550                                                            000029
2SR. CAIXA, APOS O VENCIMENTO COBRAR 2% DE MULTA                                 NAO RECEBER APOS 30 DIAS DO VENCIMENTO.                                                                                                                                                                                                         01082300000000000000108230000000000000       0090339900009954089665082311000030
100000000000000000000009033990000995400000000000000000000000010002020001356908231200000000002            2  01013569082308082300000003013920000000001N010823000000000000000000000000000000000000000000000000000000000000000100001356993800DALVA MARIA DOS SANTOS                  RUA URUGUAI - 89 AP.74 - AVIACAO - PRAIA            11702300                                                            000032
2SR. CAIXA, APOS O VENCIMENTO COBRAR 2% DE MULTA                                 NAO RECEBER APOS 30 DIAS DO VENCIMENTO.                                                                                                                                                                                                         01082300000000000000108230000000000000       0090339900009954013569082312000033
100000000000000000000009033990000995400000000000000000000000010002020024615508231500000000002            2  01246155082308082300000003437250000000001N010823000000000000000000000000000000000000000000000000000000000000000100024615557884GILBERTO JOSE GONSALES                  RUA URUGUAI - 89 AP.115 - JARDIM GUILHER            11702300                                                            000035
2SR. CAIXA, APOS O VENCIMENTO COBRAR 2% DE MULTA                                 NAO RECEBER APOS 30 DIAS DO VENCIMENTO.                                                                                                                                                                                                         01082300000000000000108230000000000000       0090339900009954246155082315000036
100000000000000000000009033990000995400000000000000000000000010002020036949508231400000000002            2  01369495082308082300000003216430000000001N010823000000000000000000000000000000000000000000000000000000000000000100036949505833FELIPE APARECIDO DOS SANTOS             RUA DAS MIMOSAS - 67 CASA 09 - VILA LUCI            03144010                                                            000038
2SR. CAIXA, APOS O VENCIMENTO COBRAR 2% DE MULTA                                 NAO RECEBER APOS 30 DIAS DO VENCIMENTO.                                                                                                                                                                                                         01082300000000000000108230000000000000       0090339900009954369495082314000039
100000000000000000000009033990000995400000000000000000000000010002020008539308231100000000002            2  01085393082308082300000003286260000000001N010823000000000000000000000000000000000000000000000000000000000000000100008539365871EDMILSON RAIMUNDO DOS SANTOS            RUA CALIDICE - 247 - PARQUE CRUZEIRO - S            08070010                                                            000041
2SR. CAIXA, APOS O VENCIMENTO COBRAR 2% DE MULTA                                 NAO RECEBER APOS 30 DIAS DO VENCIMENTO.                                                                                                                                                                                                         01082300000000000000108230000000000000       0090339900009954085393082311000042
100000000000000000000009033990000995400000000000000000000000010002020024558908231700000000002            2  01245589082308082300000005660160000000001N010823000000000000000000000000000000000000000000000000000000000000000100024558912838EDILENE GORGATTI                        RUA ITARARE - 76 AP.142 - JARDIM GUILHER            11701820                                                            000044
2SR. CAIXA, APOS O VENCIMENTO COBRAR 2% DE MULTA                                 NAO RECEBER APOS 30 DIAS DO VENCIMENTO.                                                                                                                                                                                                         01082300000000000000108230000000000000       0090339900009954245589082317000045
100000000000000000000009033990000995400000000000000000000000010002020004611208231200000000002            2  01046112082308082300000002084300000000001N010823000000000000000000000000000000000000000000000000000000000000000100004611218830TANIA MARIA DA SILVA NUNES PEREIRA LUIZ RUA URUGUAI - 89 AP.103 - JARDIM GUILHER            11702300                                                            000047
2SR. CAIXA, APOS O VENCIMENTO COBRAR 2% DE MULTA                                 NAO RECEBER APOS 30 DIAS DO VENCIMENTO.                                                                                                                                                                                                         01082300000000000000108230000000000000       0090339900009954046112082312000048
100000000000000000000009033990000995400000000000000000000000010002020010548808231P00000000002            2  01105488082308082300000003703480000000001N010823000000000000000000000000000000000000000000000000000000000000000100010548844801RICARDO DE JESUS CALDAS                 RUA ANTONIO AMBUBA - 50 CASA 60 - BAIRRO            05782370                                                            000050
2SR. CAIXA, APOS O VENCIMENTO COBRAR 2% DE MULTA                                 NAO RECEBER APOS 30 DIAS DO VENCIMENTO.                                                                                                                                                                                                         01082300000000000000108230000000000000       009033990000995410548808231P000051
100000000000000000000009033990000995400000000000000000000000010002020039623808231900000000002            2  01396238082308082300000003254910000000001N010823000000000000000000000000000000000000000000000000000000000000000100039623826826LEONARDO GUEDES PINTO                   RUA URUGUAI - 89 AP.24 - AVIACAO - PRAIA            11702300                                                            000053
2SR. CAIXA, APOS O VENCIMENTO COBRAR 2% DE MULTA                                 NAO RECEBER APOS 30 DIAS DO VENCIMENTO.                                                                                                                                                                                                         01082300000000000000108230000000000000       0090339900009954396238082319000054
100000000000000000000009033990000995400000000000000000000000010002020032038708231700000000002            2  01320387082308082300000002431130000000001N010823000000000000000000000000000000000000000000000000000000000000000100032038775893GUSTAVO PEREIRA DA CRUZ                 RUA SAO FIDELIS - 203 - JARDIM BRASIL -             16074050                                                            000056
2SR. CAIXA, APOS O VENCIMENTO COBRAR 2% DE MULTA                                 NAO RECEBER APOS 30 DIAS DO VENCIMENTO.                                                                                                                                                                                                         01082300000000000000108230000000000000       0090339900009954320387082317000057
100000000000000000000009033990000995400000000000000000000000010002020008993108231400000000002            2  01089931082308082300000011473650000000001N010823000000000000000000000000000000000000000000000000000000000000000100008993178801PATRICIA BITTENCOURT FRACARO            RUA MARCIO MAZZEI - 337 - VILA NOVA MAZZ            02316050                                                            000059
2SR. CAIXA, APOS O VENCIMENTO COBRAR 2% DE MULTA                                 NAO RECEBER APOS 30 DIAS DO VENCIMENTO.                                                                                                                                                                                                         01082300000000000000108230000000000000       0090339900009954089931082314000060
100000000000000000000009033990000995400000000000000000000000010002020025914208231000000000002            2  01259142082308082300000003305630000000001N010823000000000000000000000000000000000000000000000000000000000000000100025914206880JONAS DOS REIS MACHADO                  RUA PROFESSORA MARGARIDA RUTH FERREIRA D            02378200                                                            000062
2SR. CAIXA, APOS O VENCIMENTO COBRAR 2% DE MULTA                                 NAO RECEBER APOS 30 DIAS DO VENCIMENTO.                                                                                                                                                                                                         01082300000000000000108230000000000000       0090339900009954259142082310000063
100000000000000000000009033990000995400000000000000000000000010002020032549508231700000000002            2  01325495082308082300000003021150000000001N010823000000000000000000000000000000000000000000000000000000000000000100032549502833PAMELA DECENCI                          RUA URUGUAI - 89 AP.61 - AVIACAO - PRAIA            11702300                                                            000065
2SR. CAIXA, APOS O VENCIMENTO COBRAR 2% DE MULTA                                 NAO RECEBER APOS 30 DIAS DO VENCIMENTO.                                                                                                                                                                                                         01082300000000000000108230000000000000       0090339900009954325495082317000066
100000000000000000000009033990000995400000000000000000000000010002020027969408231600000000002            2  01279694082308082300000002429610000000001N010823000000000000000000000000000000000000000000000000000000000000000100027969412807THIAGO BARRETO PEREZ                    RUA ARMINDO GUARANA - 170 - VILA REGENTE            03335070                                                            000068
2SR. CAIXA, APOS O VENCIMENTO COBRAR 2% DE MULTA                                 NAO RECEBER APOS 30 DIAS DO VENCIMENTO.                                                                                                                                                                                                         01082300000000000000108230000000000000       0090339900009954279694082316000069
9                                                                                                                                                                                                                                                                                                                                                                                                         000070