01REMESSA01COBRANCA       00000000000005331186HB SANTOS CONSTRUTORA E INCORP237BRADESCO       090522        MX0000048                                                                                                                                                                                                                                                                                     000001
100000000000000000000009033990000995400000000000000000000000010002020005723205221400000000002            2  01057232052223052200000002710930000000001N090522000000000000000000000000000000000000000000000000000000000000000100005723255843FRANCISCO DE ASSIS DA SILVA             PRACA NICOLAU GERAIGIRE - 25 VISOR - JAR            11095110                                                            000002
2SR. CAIXA, APOS O VENCIMENTO COBRAR 2% DE MULTA                                 NAO RECEBER APOS 30 DIAS DO VENCIMENTO.                                                                                                                                                                                                         09052200000000000000905220000000000000       0090339900009954057232052214000003
100000000000000000000009033990000995400000000000000000000000010002020004928105221900000000002            2  01049281052223052200000002651080000000001N090522000000000000000000000000000000000000000000000000000000000000000100004928157800ADEMIR APARECIDO ANTUNES                RUA URUGUAI - 89 AP.105 - JARDIM GUILHER            11702300                                                            000005
2SR. CAIXA, APOS O VENCIMENTO COBRAR 2% DE MULTA                                 NAO RECEBER APOS 30 DIAS DO VENCIMENTO.                                                                                                                                                                                                         09052200000000000000905220000000000000       0090339900009954049281052219000006
100000000000000000000009033990000995400000000000000000000000010002020011238005221600000000002            2  01112380052223052200000002616700000000001N090522000000000000000000000000000000000000000000000000000000000000000100011238052886SOLANGE DIAS DE SOUZA ROMANO            AVENIDA DR. ALTINO ARANTES - 865 AP.132             04042034                                                            000008
2SR. CAIXA, APOS O VENCIMENTO COBRAR 2% DE MULTA                                 NAO RECEBER APOS 30 DIAS DO VENCIMENTO.                                                                                                                                                                                                         09052200000000000000905220000000000000       0090339900009954112380052216000009
100000000000000000000009033990000995400000000000000000000000010002020032589105221800000000002            2  01325891052223052200000002565120000000001N090522000000000000000000000000000000000000000000000000000000000000000100032589165862RENATA ISABEL MARTINS SILVA             RUA HERCULANO DE FREITAS - 257 - FUNDACA            09520280                                                            000011
2SR. CAIXA, APOS O VENCIMENTO COBRAR 2% DE MULTA                                 NAO RECEBER APOS 30 DIAS DO VENCIMENTO.                                                                                                                                                                                                         09052200000000000000905220000000000000       0090339900009954325891052218000012
100000000000000000000009033990000995400000000000000000000000010002020088339305221100000000002            2  01883393052223052200000002592910000000001N090522000000000000000000000000000000000000000000000000000000000000000100088339319868MARCIA SIQUEIRA MELLO                   RUA ADELINO ALVES - 81 - SANTO AMARO - S            04710120                                                            000014
2SR. CAIXA, APOS O VENCIMENTO COBRAR 2% DE MULTA                                 NAO RECEBER APOS 30 DIAS DO VENCIMENTO.                                                                                                                                                                                                         09052200000000000000905220000000000000       0090339900009954883393052211000015
100000000000000000000009033990000995400000000000000000000000010002020046391205221700000000002            2  01463912052223052200000002689790000000001N090522000000000000000000000000000000000000000000000000000000000000000100046391265810PAMELLA RODRIGUES DE OLIVEIRA           RUA AUGUSTA - 183 AP.301 BL.2A - VILA AU            07025130                                                            000017
2SR. CAIXA, APOS O VENCIMENTO COBRAR 2% DE MULTA                                 NAO RECEBER APOS 30 DIAS DO VENCIMENTO.                                                                                                                                                                                                         09052200000000000000905220000000000000       0090339900009954463912052217000018
100000000000000000000009033990000995400000000000000000000000010002020027964505221500000000002            2  01279645052223052200000002672580000000001N090522000000000000000000000000000000000000000000000000000000000000000100027964512838FABIO TADEU DE CAMPOS RADZIAVICIUS      RUA URUGUAI - 89 AP.94 - JARDIM GUILHERM            11702300                                                            000020
2SR. CAIXA, APOS O VENCIMENTO COBRAR 2% DE MULTA                                 NAO RECEBER APOS 30 DIAS DO VENCIMENTO.                                                                                                                                                                                                         09052200000000000000905220000000000000       0090339900009954279645052215000021
100000000000000000000009033990000995400000000000000000000000010002020011498305221300000000002            2  01114983052223052200000002002330000000001N090522000000000000000000000000000000000000000000000000000000000000000100011498329837GERSON GERALDO DAS NEVES                RUA DOMINGOS DELGADO - 144 - VILA SOUZA             02881070                                                            000023
2SR. CAIXA, APOS O VENCIMENTO COBRAR 2% DE MULTA                                 NAO RECEBER APOS 30 DIAS DO VENCIMENTO.                                                                                                                                                                                                         09052200000000000000905220000000000000       0090339900009954114983052213000024
100000000000000000000009033990000995400000000000000000000000010002020000884205221500000000002            2  01008842052223052200000002438900000000001N090522000000000000000000000000000000000000000000000000000000000000000100000884239802ADEMIR MARTINS                          RUA CAIRO - 221 - VILA METALURGICA - SAN            09220170                                                            000026
2SR. CAIXA, APOS O VENCIMENTO COBRAR 2% DE MULTA                                 NAO RECEBER APOS 30 DIAS DO VENCIMENTO.                                                                                                                                                                                                         09052200000000000000905220000000000000       0090339900009954008842052215000027
100000000000000000000009033990000995400000000000000000000000010002020025214405221P00000000002            2  01252144052223052200000002370130000000001N090522000000000000000000000000000000000000000000000000000000000000000100025214401833JOSE MAURICIO DOS SANTOS RODRIGUES      RUA JOAO DE MACEDO RIBEIRO - 49 - VILA N            08111101                                                            000029
2SR. CAIXA, APOS O VENCIMENTO COBRAR 2% DE MULTA                                 NAO RECEBER APOS 30 DIAS DO VENCIMENTO.                                                                                                                                                                                                         09052200000000000000905220000000000000       009033990000995425214405221P000030
100000000000000000000009033990000995400000000000000000000000010002020033119105221700000000002            2  01331191052223052200000002380180000000001N090522000000000000000000000000000000000000000000000000000000000000000100033119178802HUGO GOMES VENDRAME                     RUA SAO PAULO - 60 CASA 01 - VILA FREITA            06380110                                                            000032
2SR. CAIXA, APOS O VENCIMENTO COBRAR 2% DE MULTA                                 NAO RECEBER APOS 30 DIAS DO VENCIMENTO.                                                                                                                                                                                                         09052200000000000000905220000000000000       0090339900009954331191052217000033
100000000000000000000009033990000995400000000000000000000000010002020007313205221200000000002            2  01073132052223052200000002404510000000001N090522000000000000000000000000000000000000000000000000000000000000000100007313251840SALVADOR GESUALDO PULVIRENTI            AVENIDA MARARI - 641 - VILA MARARI - SAO            04402010                                                            000035
2SR. CAIXA, APOS O VENCIMENTO COBRAR 2% DE MULTA                                 NAO RECEBER APOS 30 DIAS DO VENCIMENTO.                                                                                                                                                                                                         09052200000000000000905220000000000000       0090339900009954073132052212000036
100000000000000000000009033990000995400000000000000000000000010002020010676705221400000000002            2  01106767052223052200000002509740000000001N090522000000000000000000000000000000000000000000000000000000000000000100010676723896MERCEDES CRISTINA ROCHA SANDOVAL        RUA URUGUAI - 89 AP.83 - JARDIM GUILHERM            11702300                                                            000038
2SR. CAIXA, APOS O VENCIMENTO COBRAR 2% DE MULTA                                 NAO RECEBER APOS 30 DIAS DO VENCIMENTO.                                                                                                                                                                                                         09052200000000000000905220000000000000       0090339900009954106767052214000039
100000000000000000000009033990000995400000000000000000000000010002020009502805221200000000002            2  01095028052223052200000002621000000000001N090522000000000000000000000000000000000000000000000000000000000000000100009502844831CLAUDIA ROCHA SANDOVAL                  RUA URUGUAI - 89 AP.64 - JARDIM GUILHERM            11702300                                                            000041
2SR. CAIXA, APOS O VENCIMENTO COBRAR 2% DE MULTA                                 NAO RECEBER APOS 30 DIAS DO VENCIMENTO.                                                                                                                                                                                                         09052200000000000000905220000000000000       0090339900009954095028052212000042
100000000000000000000009033990000995400000000000000000000000010002020007594205221100000000002            2  01075942052223052200000002352940000000001N090522000000000000000000000000000000000000000000000000000000000000000100007594247809JOSE LUIS DE OLIVEIRA                   DONA EGLANTINA PENTEADO DA SILVA PRADO -            13044162                                                            000044
2SR. CAIXA, APOS O VENCIMENTO COBRAR 2% DE MULTA                                 NAO RECEBER APOS 30 DIAS DO VENCIMENTO.                                                                                                                                                                                                         09052200000000000000905220000000000000       0090339900009954075942052211000045
100000000000000000000009033990000995400000000000000000000000010002020005288705221500000000002            2  01052887052223052200000002423770000000001N090522000000000000000000000000000000000000000000000000000000000000000100005288796858MARCELO RODRIGUES FERREIRA              RUA MARCOS ANTONIO MARQUES - 302 - JARDI            06433020                                                            000047
2SR. CAIXA, APOS O VENCIMENTO COBRAR 2% DE MULTA                                 NAO RECEBER APOS 30 DIAS DO VENCIMENTO.                                                                                                                                                                                                         09052200000000000000905220000000000000       0090339900009954052887052215000048
100000000000000000000009033990000995400000000000000000000000010002020015835905221400000000002            2  01158359052223052200000002524010000000001N090522000000000000000000000000000000000000000000000000000000000000000100015835992823FLAVIO VERONEZ                          RUA ANDREA PAULINETTI - 127 AP.42 - BAIR            04707050                                                            000050
2SR. CAIXA, APOS O VENCIMENTO COBRAR 2% DE MULTA                                 NAO RECEBER APOS 30 DIAS DO VENCIMENTO.                                                                                                                                                                                                         09052200000000000000905220000000000000       0090339900009954158359052214000051
100000000000000000000009033990000995400000000000000000000000010002020000438105221200000000002            2  01004381052223052200000002848920000000001N090522000000000000000000000000000000000000000000000000000000000000000100000438161858WAGNECY VILLA NOVA LIEN                 MACHADO - 106 - VILA AUGUSTA - GUARULHOS            07025210                                                            000053
2SR. CAIXA, APOS O VENCIMENTO COBRAR 2% DE MULTA                                 NAO RECEBER APOS 30 DIAS DO VENCIMENTO.                                                                                                                                                                                                         09052200000000000000905220000000000000       0090339900009954004381052212000054
100000000000000000000009033990000995400000000000000000000000010002020026004505221900000000002            2  01260045052223052200000002524050000000001N090522000000000000000000000000000000000000000000000000000000000000000100026004595888EDIVALDO BEZERRA DA SILVA               AVENIDA GUATEMALA - 550 - JARDIM PINHEIR            09854750                                                            000056
2SR. CAIXA, APOS O VENCIMENTO COBRAR 2% DE MULTA                                 NAO RECEBER APOS 30 DIAS DO VENCIMENTO.                                                                                                                                                                                                         09052200000000000000905220000000000000       0090339900009954260045052219000057
100000000000000000000009033990000995400000000000000000000000010002020012470705221300000000002            2  01124707052223052200000002692970000000001N090522000000000000000000000000000000000000000000000000000000000000000100012470771870HILTON FERNANDES OLIVARES               RUA PATIO DA ESTACAO - 115 - BAIRRO CENT            09450000                                                            000059
2SR. CAIXA, APOS O VENCIMENTO COBRAR 2% DE MULTA                                 NAO RECEBER APOS 30 DIAS DO VENCIMENTO.                                                                                                                                                                                                         09052200000000000000905220000000000000       0090339900009954124707052213000060
100000000000000000000009033990000995400000000000000000000000010002020014025405221200000000002            2  01140254052223052200000002952790000000001N090522000000000000000000000000000000000000000000000000000000000000000100014025420899ANDREIA APARECIDA TAVARES BASTOS        RUA IBATIBA - 234 CASA 27 - RES.BOUGANVI            09220608                                                            000062
2SR. CAIXA, APOS O VENCIMENTO COBRAR 2% DE MULTA                                 NAO RECEBER APOS 30 DIAS DO VENCIMENTO.                                                                                                                                                                                                         09052200000000000000905220000000000000       0090339900009954140254052212000063
100000000000000000000009033990000995400000000000000000000000010002020018590005221100000000002            2  01185900052223052200000002674180000000001N090522000000000000000000000000000000000000000000000000000000000000000100018590038858JOSE SANDRO ROCHA SILVA                 RUA SANTO ANTONIO DO AVENTUREIRO - 216 A            07143040                                                            000065
2SR. CAIXA, APOS O VENCIMENTO COBRAR 2% DE MULTA                                 NAO RECEBER APOS 30 DIAS DO VENCIMENTO.                                                                                                                                                                                                         09052200000000000000905220000000000000       0090339900009954185900052211000066
100000000000000000000009033990000995400000000000000000000000010002020088578705221P00000000002            2  01885787052223052200000002200460000000001N090522000000000000000000000000000000000000000000000000000000000000000100088578704800GILBERTO DO ESPIRITO SANTO SILVA        RUA GUARANY - 697 CASA 01 - PARQUE SAO V            11360000                                                            000068
2SR. CAIXA, APOS O VENCIMENTO COBRAR 2% DE MULTA                                 NAO RECEBER APOS 30 DIAS DO VENCIMENTO.                                                                                                                                                                                                         09052200000000000000905220000000000000       009033990000995488578705221P000069
100000000000000000000009033990000995400000000000000000000000010002020015378205221000000000002            2  01153782052223052200000003288130000000001N090522000000000000000000000000000000000000000000000000000000000000000100015378295807SERGIO FERNANDES                        RUA VALDEMAR MARTINS - 116 AP.115 - BAIR            02535000                                                            000071
2SR. CAIXA, APOS O VENCIMENTO COBRAR 2% DE MULTA                                 NAO RECEBER APOS 30 DIAS DO VENCIMENTO.                                                                                                                                                                                                         09052200000000000000905220000000000000       0090339900009954153782052210000072
100000000000000000000009033990000995400000000000000000000000010002020005105205221800000000002            2  01051052052223052200000002624320000000001N090522000000000000000000000000000000000000000000000000000000000000000100005105287835FABIO MOTTOLA DE OLIVEIRA               RUA RAUL MAZZONI - 133 - CHACARA AREAL -            13331022                                                            000074
2SR. CAIXA, APOS O VENCIMENTO COBRAR 2% DE MULTA                                 NAO RECEBER APOS 30 DIAS DO VENCIMENTO.                                                                                                                                                                                                         09052200000000000000905220000000000000       0090339900009954051052052218000075
100000000000000000000009033990000995400000000000000000000000010002020020792705221700000000002            2  01207927052223052200000002728330000000001N090522000000000000000000000000000000000000000000000000000000000000000120792791000147TROVAO COMERCIO DE ALIMENTOS LTDA-ME    RUA QUINTA DA MAGNOLIA - 67 - JARDIM IPA            03582100                                                            000077
2SR. CAIXA, APOS O VENCIMENTO COBRAR 2% DE MULTA                                 NAO RECEBER APOS 30 DIAS DO VENCIMENTO.                                                                                                                                                                                                         09052200000000000000905220000000000000       0090339900009954207927052217000078
100000000000000000000009033990000995400000000000000000000000010002020007648105221000000000002            2  01076481052223052200000002561940000000001N090522000000000000000000000000000000000000000000000000000000000000000100007648112825MARA REGINA CAPRIO                      RUA DA TRINDADE - 790 - VILA IDEAL - SAO            15060280                                                            000080
2SR. CAIXA, APOS O VENCIMENTO COBRAR 2% DE MULTA                                 NAO RECEBER APOS 30 DIAS DO VENCIMENTO.                                                                                                                                                                                                         09052200000000000000905220000000000000       0090339900009954076481052210000081
100000000000000000000009033990000995400000000000000000000000010002020031157405221P00000000002            2  01311574052223052200000002750860000000001N090522000000000000000000000000000000000000000000000000000000000000000100031157420885TALITA ANICHIARICO COSSI                RUA CNEO POMPEO DE CAMARGO - 817 - JARDI            13060150                                                            000083
2SR. CAIXA, APOS O VENCIMENTO COBRAR 2% DE MULTA                                 NAO RECEBER APOS 30 DIAS DO VENCIMENTO.                                                                                                                                                                                                         09052200000000000000905220000000000000       009033990000995431157405221P000084
100000000000000000000009033990000995400000000000000000000000010002020035572505221400000000002            2  01355725052223052200000002924810000000001N090522000000000000000000000000000000000000000000000000000000000000000100035572536865MARIA SIMONE SANTOS                     RUA JOSE PEZZOLO - 68 - VILA ELDIZIA - S            09181660                                                            000086
2SR. CAIXA, APOS O VENCIMENTO COBRAR 2% DE MULTA                                 NAO RECEBER APOS 30 DIAS DO VENCIMENTO.                                                                                                                                                                                                         09052200000000000000905220000000000000       0090339900009954355725052214000087
100000000000000000000009033990000995400000000000000000000000010002020008800305221100000000002            2  01088003052223052200000002664890000000001N090522000000000000000000000000000000000000000000000000000000000000000100008800368425INGO DIMITRI PEREIRA DA NOBREGA         RUA PROFESSOR MENDES PIMENTEL - 362 - JA            03973010                                                            000089
2SR. CAIXA, APOS O VENCIMENTO COBRAR 2% DE MULTA                                 NAO RECEBER APOS 30 DIAS DO VENCIMENTO.                                                                                                                                                                                                         09052200000000000000905220000000000000       0090339900009954088003052211000090
100000000000000000000009033990000995400000000000000000000000010002020018312405221100000000002            2  01183124052223052200000009241150000000001N090522000000000000000000000000000000000000000000000000000000000000000100018312408827PAULO LUIZ FERREIRA                     AVENIDA MARCONDES SALGADO - 20 AP.26 B -            11702530                                                            000092
2SR. CAIXA, APOS O VENCIMENTO COBRAR 2% DE MULTA                                 NAO RECEBER APOS 30 DIAS DO VENCIMENTO.                                                                                                                                                                                                         09052200000000000000905220000000000000       0090339900009954183124052211000093
100000000000000000000009033990000995400000000000000000000000010002020005054105221600000000002            2  01050541052223052200000002578940000000001N090522000000000000000000000000000000000000000000000000000000000000000100005054169806PAULO ROBERTO DE MATTOS                 JARDIM BOTANICO - 849 - DISTRITO DE SOUS            13106258                                                            000095
2SR. CAIXA, APOS O VENCIMENTO COBRAR 2% DE MULTA                                 NAO RECEBER APOS 30 DIAS DO VENCIMENTO.                                                                                                                                                                                                         09052200000000000000905220000000000000       0090339900009954050541052216000096
100000000000000000000009033990000995400000000000000000000000010002020007552105221200000000002            2  01075521052223052200000002578940000000001N090522000000000000000000000000000000000000000000000000000000000000000100007552151846MAURO BORDONI                           AVENIDA DR. AUGUSTO DE TOLEDO - 769 AP.6            09540080                                                            000098
2SR. CAIXA, APOS O VENCIMENTO COBRAR 2% DE MULTA                                 NAO RECEBER APOS 30 DIAS DO VENCIMENTO.                                                                                                                                                                                                         09052200000000000000905220000000000000       0090339900009954075521052212000099
100000000000000000000009033990000995400000000000000000000000010002020012744205221500000000002            2  01127442052223052200000002869450000000001N090522000000000000000000000000000000000000000000000000000000000000000100012744201804ADAIL JOSE DE SOUSA                     RUA ROSARIA - 303 - BAIRRO SACADURA CABR            09061080                                                            000101
2SR. CAIXA, APOS O VENCIMENTO COBRAR 2% DE MULTA                                 NAO RECEBER APOS 30 DIAS DO VENCIMENTO.                                                                                                                                                                                                         09052200000000000000905220000000000000       0090339900009954127442052215000102
100000000000000000000009033990000995400000000000000000000000010002020000884205222300000000002            2  01008842052223052200000002134810000000001N090522000000000000000000000000000000000000000000000000000000000000000100000884239802ADEMIR MARTINS                          RUA CAIRO - 221 - VILA METALURGICA - SAN            09220170                                                            000104
2SR. CAIXA, APOS O VENCIMENTO COBRAR 2% DE MULTA                                 NAO RECEBER APOS 30 DIAS DO VENCIMENTO.                                                                                                                                                                                                         09052200000000000000905220000000000000       0090339900009954008842052223000105
9                                                                                                                                                                                                                                                                                                                                                                                                         000106