01REMESSA01COBRANCA       00000000000008017025HB SANTOS CONSTRUTORA E INCORP237BRADESCO       010223        MX0000170                                                                                                                                                                                                                                                                                     000001
100000000000000000000009033990000627000000000000000000000000010002020016479002231400000000002            2  01164790022309022300000005215540000000001N010223000000000000000000000000000000000000000000000000000000000000000100016479002806LOURDES PEREIRA DE QUEIROZ SECANECHIA   RUA PAULINO CURSI - 437 - CIDADE SAO MAT            03960060                                                            000002
2SR. CAIXA, APOS O VENCIMENTO COBRAR 2% DE MULTA                                 NAO RECEBER APOS 30 DIAS DO VENCIMENTO.                                                                                                                                                                                                         01022300000000000000102230000000000000       0090339900006270164790022314000003
100000000000000000000009033990000627000000000000000000000000010002020017229702232400000000002            2  01172297022309022300000003968970000000001N010223000000000000000000000000000000000000000000000000000000000000000100017229751802BERENICE VIEIRA KERSTING                RUA ATIBAIA - 17 AP.417 - BAIRRO IMPERAD            11707380                                                            000005
2SR. CAIXA, APOS O VENCIMENTO COBRAR 2% DE MULTA                                 NAO RECEBER APOS 30 DIAS DO VENCIMENTO.                                                                                                                                                                                                         01022300000000000000102230000000000000       0090339900006270172297022324000006
100000000000000000000009033990000627000000000000000000000000010002020009361402231100000000002            2  01093614022309022300000003786480000000001N010223000000000000000000000000000000000000000000000000000000000000000100009361471805JOSE BARBOSA DA SILVA                   RUA ALFREDO INACIO TRINDADE  - 60 AP.44             02344100                                                            000008
2SR. CAIXA, APOS O VENCIMENTO COBRAR 2% DE MULTA                                 NAO RECEBER APOS 30 DIAS DO VENCIMENTO.                                                                                                                                                                                                         01022300000000000000102230000000000000       0090339900006270093614022311000009
100000000000000000000009033990000627000000000000000000000000010002020012756902231500000000002            2  01127569022309022300000003268560000000001N010223000000000000000000000000000000000000000000000000000000000000000100012756959812ITAMAR JUVENAL DIAS DA SILVA            RUA ELISEU REINALDO MORAES VIEIRA - 90 A            02858000                                                            000011
2SR. CAIXA, APOS O VENCIMENTO COBRAR 2% DE MULTA                                 NAO RECEBER APOS 30 DIAS DO VENCIMENTO.                                                                                                                                                                                                         01022300000000000000102230000000000000       0090339900006270127569022315000012
100000000000000000000009033990000627000000000000000000000000010002020029433602231900000000002            2  01294336022311022300000002710620000000001N010223000000000000000000000000000000000000000000000000000000000000000100029433631897MARIO MUNIZ                             RUA JOSE CALIXTO DO CARMO - 286 AP.53 -             11702690                                                            000014
2SR. CAIXA, APOS O VENCIMENTO COBRAR 2% DE MULTA                                 NAO RECEBER APOS 30 DIAS DO VENCIMENTO.                                                                                                                                                                                                         01022300000000000000102230000000000000       0090339900006270294336022319000015
100000000000000000000009033990000627000000000000000000000000010002020005029802231100000000002            2  01050298022309022300000003332490000000001N010223000000000000000000000000000000000000000000000000000000000000000100005029828885LAURINETE DA CONCEICAO DE NORONHA       RUA MARIA LUCIA DE TOLEDO LEITE MORAES -            04434040                                                            000017
2SR. CAIXA, APOS O VENCIMENTO COBRAR 2% DE MULTA                                 NAO RECEBER APOS 30 DIAS DO VENCIMENTO.                                                                                                                                                                                                         01022300000000000000102230000000000000       0090339900006270050298022311000018
100000000000000000000009033990000627000000000000000000000000010002020013388902231300000000002            2  01133889022311022300000002642420000000001N010223000000000000000000000000000000000000000000000000000000000000000100013388936889NEUTON DE SOUZA RAMOS                   RUA JOSE CALIXTO DO CARMO - 286 AP.61 -             11702690                                                            000020
2SR. CAIXA, APOS O VENCIMENTO COBRAR 2% DE MULTA                                 NAO RECEBER APOS 30 DIAS DO VENCIMENTO.                                                                                                                                                                                                         01022300000000000000102230000000000000       0090339900006270133889022313000021
100000000000000000000009033990000627000000000000000000000000010002020012774902231300000000002            2  01127749022311022300000002692050000000001N010223000000000000000000000000000000000000000000000000000000000000000100012774906865JOSE MILTON SANTIAGO                    RUA BATATAIS - 47 - CIDADE ESTELA - POA             08563140                                                            000023
2SR. CAIXA, APOS O VENCIMENTO COBRAR 2% DE MULTA                                 NAO RECEBER APOS 30 DIAS DO VENCIMENTO.                                                                                                                                                                                                         01022300000000000000102230000000000000       0090339900006270127749022313000024
100000000000000000000009033990000627000000000000000000000000010002020005613802231300000000002            2  01056138022311022300000002475930000000001N010223000000000000000000000000000000000000000000000000000000000000000100005613843805NILZA MARIA DE OLIVEIRA                 RUA JOSE GONCALVES DE FREITAS - 66 C2 -             08210550                                                            000026
2SR. CAIXA, APOS O VENCIMENTO COBRAR 2% DE MULTA                                 NAO RECEBER APOS 30 DIAS DO VENCIMENTO.                                                                                                                                                                                                         01022300000000000000102230000000000000       0090339900006270056138022313000027
100000000000000000000009033990000627000000000000000000000000010002020007574902231300000000002            2  01075749022311022300000002541480000000001N010223000000000000000000000000000000000000000000000000000000000000000100007574936889JORGE LUCIANO PEREIRA BORRIELLO         RUA JOSE CALIXTO DO CARMO - 286 AP.54 -             11702690                                                            000029
2SR. CAIXA, APOS O VENCIMENTO COBRAR 2% DE MULTA                                 NAO RECEBER APOS 30 DIAS DO VENCIMENTO.                                                                                                                                                                                                         01022300000000000000102230000000000000       0090339900006270075749022313000030
100000000000000000000009033990000627000000000000000000000000010002020008214902231600000000002            2  01082149022311022300000002580040000000001N010223000000000000000000000000000000000000000000000000000000000000000100008214973830JAMIL CHALA                             RUA JOSE CALIXTO DO CARMO - 286 AP.22 -             11702690                                                            000032
2SR. CAIXA, APOS O VENCIMENTO COBRAR 2% DE MULTA                                 NAO RECEBER APOS 30 DIAS DO VENCIMENTO.                                                                                                                                                                                                         01022300000000000000102230000000000000       0090339900006270082149022316000033
100000000000000000000009033990000627000000000000000000000000010002020032495002231300000000002            2  01324950022311022300000002891270000000001N010223000000000000000000000000000000000000000000000000000000000000000100032495004881PAULO EDUARDO DOS SANTOS                RUA REPUBLICA DO IRAQUE - 1119 - CAMPO B            04611002                                                            000035
2SR. CAIXA, APOS O VENCIMENTO COBRAR 2% DE MULTA                                 NAO RECEBER APOS 30 DIAS DO VENCIMENTO.                                                                                                                                                                                                         01022300000000000000102230000000000000       0090339900006270324950022313000036
100000000000000000000009033990000627000000000000000000000000010002020016498002231000000000002            2  01164980022311022300000002535710000000001N010223000000000000000000000000000000000000000000000000000000000000000100016498053810GILMA CEZARIO GARCIA CORRITORI          RUA LAURENTINO XAVIER DOS SANTOS - 336 -            08240740                                                            000038
2SR. CAIXA, APOS O VENCIMENTO COBRAR 2% DE MULTA                                 NAO RECEBER APOS 30 DIAS DO VENCIMENTO.                                                                                                                                                                                                         01022300000000000000102230000000000000       0090339900006270164980022310000039
100000000000000000000009033990000627000000000000000000000000010002020029339002231P00000000002            2  01293390022311022300000002711510000000001N010223000000000000000000000000000000000000000000000000000000000000000100029339051831RONALD DIDOFF                           RUA CORONEL FERREIRA BRAGA - 188 - VILA             03522010                                                            000041
2SR. CAIXA, APOS O VENCIMENTO COBRAR 2% DE MULTA                                 NAO RECEBER APOS 30 DIAS DO VENCIMENTO.                                                                                                                                                                                                         01022300000000000000102230000000000000       009033990000627029339002231P000042
100000000000000000000009033990000627000000000000000000000000010002020017357802231100000000002            2  01173578022311022300000002871740000000001N010223000000000000000000000000000000000000000000000000000000000000000100017357859894MARCIO GUIMARAES                        RUA GENERAL CAMARA - 188 SALA 11 - CENTR            11010120                                                            000044
2SR. CAIXA, APOS O VENCIMENTO COBRAR 2% DE MULTA                                 NAO RECEBER APOS 30 DIAS DO VENCIMENTO.                                                                                                                                                                                                         01022300000000000000102230000000000000       0090339900006270173578022311000045
100000000000000000000009033990000627000000000000000000000000010002020010563002231100000000002            2  01105630022311022300000002945150000000001N010223000000000000000000000000000000000000000000000000000000000000000100010563033878VERA LUCIA RIBEIRO LONGANEZI            RUA DOS CAMARES - 150 AP.24 BL.02 - CARA            02068030                                                            000047
2SR. CAIXA, APOS O VENCIMENTO COBRAR 2% DE MULTA                                 NAO RECEBER APOS 30 DIAS DO VENCIMENTO.                                                                                                                                                                                                         01022300000000000000102230000000000000       0090339900006270105630022311000048
100000000000000000000009033990000627000000000000000000000000010002020005529602231600000000002            2  01055296022311022300000002672610000000001N010223000000000000000000000000000000000000000000000000000000000000000100005529616801JOAQUIM JORGE DA COSTA                  RUA JOSE CALIXTO DO CARMO - 286 AP.106 -            11702690                                                            000050
2SR. CAIXA, APOS O VENCIMENTO COBRAR 2% DE MULTA                                 NAO RECEBER APOS 30 DIAS DO VENCIMENTO.                                                                                                                                                                                                         01022300000000000000102230000000000000       0090339900006270055296022316000051
100000000000000000000009033990000627000000000000000000000000010002020015550702231200000000002            2  01155507022309022300000002526020000000001N010223000000000000000000000000000000000000000000000000000000000000000100015550706806MARY MIWA                               RUA CARLOS JOSE BORSTENS - 50 AP.105 - A            11702750                                                            000053
2SR. CAIXA, APOS O VENCIMENTO COBRAR 2% DE MULTA                                 NAO RECEBER APOS 30 DIAS DO VENCIMENTO.                                                                                                                                                                                                         01022300000000000000102230000000000000       0090339900006270155507022312000054
100000000000000000000009033990000627000000000000000000000000010002020015464602231200000000002            2  01154646022311022300000002809550000000001N010223000000000000000000000000000000000000000000000000000000000000000100015464647864SONIA TERESA VOLPATO                    RUA JOSE CALIXTO DO CARMO - 286 AP.73 -             11702690                                                            000056
2SR. CAIXA, APOS O VENCIMENTO COBRAR 2% DE MULTA                                 NAO RECEBER APOS 30 DIAS DO VENCIMENTO.                                                                                                                                                                                                         01022300000000000000102230000000000000       0090339900006270154646022312000057
100000000000000000000009033990000627000000000000000000000000010002020008657802231100000000002            2  01086578022311022300000002781340000000001N010223000000000000000000000000000000000000000000000000000000000000000100008657886855ARLINDO DA CRUZ                         AVENIDA ARICANDUVA - 8.256 AP.54 BL.10 -            03951220                                                            000059
2SR. CAIXA, APOS O VENCIMENTO COBRAR 2% DE MULTA                                 NAO RECEBER APOS 30 DIAS DO VENCIMENTO.                                                                                                                                                                                                         01022300000000000000102230000000000000       0090339900006270086578022311000060
100000000000000000000009033990000627000000000000000000000000010002020059735102231P00000000002            2  01597351022309022300000001572100000000001N010223000000000000000000000000000000000000000000000000000000000000000100059735180863HELIO JOSE MARQUES                      RUA MARTIM AFONSO DE SOUZA - 1007 AP.102            11702790                                                            000062
2SR. CAIXA, APOS O VENCIMENTO COBRAR 2% DE MULTA                                 NAO RECEBER APOS 30 DIAS DO VENCIMENTO.                                                                                                                                                                                                         01022300000000000000102230000000000000       009033990000627059735102231P000063
100000000000000000000009033990000627000000000000000000000000010002020026347802231300000000002            2  01263478022311022300000002973170000000001N010223000000000000000000000000000000000000000000000000000000000000000100026347872862VALDECI SILVA MEIRELES                  RUA JOSE BATISTA DA SILVA - 292 - JARDIM            06851470                                                            000065
2SR. CAIXA, APOS O VENCIMENTO COBRAR 2% DE MULTA                                 NAO RECEBER APOS 30 DIAS DO VENCIMENTO.                                                                                                                                                                                                         01022300000000000000102230000000000000       0090339900006270263478022313000066
100000000000000000000009033990000627000000000000000000000000010002020013135202231400000000002            2  01131352022311022300000002731590000000001N010223000000000000000000000000000000000000000000000000000000000000000100013135261859EDUARDO ZANOLA                          RUA ROLANDO PIETRO BONINI - 46 - JARDIM             09781040                                                            000068
2SR. CAIXA, APOS O VENCIMENTO COBRAR 2% DE MULTA                                 NAO RECEBER APOS 30 DIAS DO VENCIMENTO.                                                                                                                                                                                                         01022300000000000000102230000000000000       0090339900006270131352022314000069
100000000000000000000009033990000627000000000000000000000000010002020009797602231500000000002            2  01097976022311022300000002660270000000001N010223000000000000000000000000000000000000000000000000000000000000000100009797626857RICARDO SOBRAL DE OLIVEIRA              RUA 23 DE MAIO - 139 AP.32 - VILA MIRIM             11704690                                                            000071
2SR. CAIXA, APOS O VENCIMENTO COBRAR 2% DE MULTA                                 NAO RECEBER APOS 30 DIAS DO VENCIMENTO.                                                                                                                                                                                                         01022300000000000000102230000000000000       0090339900006270097976022315000072
100000000000000000000009033990000627000000000000000000000000010002020004767602231600000000002            2  01047676022309022300000004547430000000001N010223000000000000000000000000000000000000000000000000000000000000000100004767679893ORLANDO GRANDE FILHO                    RUA ORLANDO MIGLIARI - 101 - JARDIM OURO            19906140                                                            000074
2SR. CAIXA, APOS O VENCIMENTO COBRAR 2% DE MULTA                                 NAO RECEBER APOS 30 DIAS DO VENCIMENTO.                                                                                                                                                                                                         01022300000000000000102230000000000000       0090339900006270047676022316000075
100000000000000000000009033990000627000000000000000000000000010002020022728402231600000000002            2  01227284022311022300000002878610000000001N010223000000000000000000000000000000000000000000000000000000000000000100022728497842WILLIAN DE SOUZA MELLO                  RUA JOSE CALIXTO DO CARMO - 286 AP.111 -            11702690                                                            000077
2SR. CAIXA, APOS O VENCIMENTO COBRAR 2% DE MULTA                                 NAO RECEBER APOS 30 DIAS DO VENCIMENTO.                                                                                                                                                                                                         01022300000000000000102230000000000000       0090339900006270227284022316000078
100000000000000000000009033990000627000000000000000000000000010002020016909702231000000000002            2  01169097022311022300000002543790000000001N010223000000000000000000000000000000000000000000000000000000000000000100016909746805EDIVALDO SANTANA DOS SANTOS             ESTRADA JOAO GASPAR DELGADO - 80 AP.213             08536100                                                            000080
2SR. CAIXA, APOS O VENCIMENTO COBRAR 2% DE MULTA                                 NAO RECEBER APOS 30 DIAS DO VENCIMENTO.                                                                                                                                                                                                         01022300000000000000102230000000000000       0090339900006270169097022310000081
100000000000000000000009033990000627000000000000000000000000010002020022036002231800000000002            2  01220360022309022300000003948840000000001N010223000000000000000000000000000000000000000000000000000000000000000100022036003818DERLIS TERAN QUIROGA ROGATO             RUA JOAO RIBEIRO - 320 AP.131SB - CAMPES            09070250                                                            000083
2SR. CAIXA, APOS O VENCIMENTO COBRAR 2% DE MULTA                                 NAO RECEBER APOS 30 DIAS DO VENCIMENTO.                                                                                                                                                                                                         01022300000000000000102230000000000000       0090339900006270220360022318000084
100000000000000000000009033990000627000000000000000000000000010002020017229702233200000000002            2  01172297022309022300000003810980000000001N010223000000000000000000000000000000000000000000000000000000000000000100017229751802BERENICE VIEIRA KERSTING                RUA ATIBAIA - 17 AP.417 - BAIRRO IMPERAD            11707380                                                            000086
2SR. CAIXA, APOS O VENCIMENTO COBRAR 2% DE MULTA                                 NAO RECEBER APOS 30 DIAS DO VENCIMENTO.                                                                                                                                                                                                         01022300000000000000102230000000000000       0090339900006270172297022332000087
100000000000000000000009033990000627000000000000000000000000010002020012475602231100000000002            2  01124756022311022300000002757350000000001N010223000000000000000000000000000000000000000000000000000000000000000100012475663820CELIDALVA GOES DE CARVALHO              RUA JOSE CALIXTO DO CARMO - 286 AP.91 -             11702690                                                            000089
2SR. CAIXA, APOS O VENCIMENTO COBRAR 2% DE MULTA                                 NAO RECEBER APOS 30 DIAS DO VENCIMENTO.                                                                                                                                                                                                         01022300000000000000102230000000000000       0090339900006270124756022311000090
100000000000000000000009033990000627000000000000000000000000010002020033451602231900000000002            2  01334516022311022300000002302560000000001N010223000000000000000000000000000000000000000000000000000000000000000100033451620839ARAO ELISIARIO  NUNES                   RUA JOSE CALIXTO DO CARMO - 286 AP.64 -             11702690                                                            000092
2SR. CAIXA, APOS O VENCIMENTO COBRAR 2% DE MULTA                                 NAO RECEBER APOS 30 DIAS DO VENCIMENTO.                                                                                                                                                                                                         01022300000000000000102230000000000000       0090339900006270334516022319000093
100000000000000000000009033990000627000000000000000000000000010002020011369102231700000000002            2  01113691022311022300000002515270000000001N010223000000000000000000000000000000000000000000000000000000000000000100011369165803ELIANA CORREA DE OLIVEIRA               RUA MAESTRO ZEFERINO SANTANA - 65 - VILA            18040010                                                            000095
2SR. CAIXA, APOS O VENCIMENTO COBRAR 2% DE MULTA                                 NAO RECEBER APOS 30 DIAS DO VENCIMENTO.                                                                                                                                                                                                         01022300000000000000102230000000000000       0090339900006270113691022317000096
100000000000000000000009033990000627000000000000000000000000010002020002253802231000000000002            2  01022538022311022300000002235580000000001N010223000000000000000000000000000000000000000000000000000000000000000100002253816809EDMILSON ALVES DA SILVA                 RUA JOSE CALIXTO DO CARMO - 286 AP.93 -             11702690                                                            000098
2SR. CAIXA, APOS O VENCIMENTO COBRAR 2% DE MULTA                                 NAO RECEBER APOS 30 DIAS DO VENCIMENTO.                                                                                                                                                                                                         01022300000000000000102230000000000000       0090339900006270022538022310000099
100000000000000000000009033990000627000000000000000000000000010002020037947002231200000000002            2  01379470022311022300000003970540000000001N010223000000000000000000000000000000000000000000000000000000000000000100037947070873BRUNO DE CAETANO MARRINHAS              AVENIDA GENERAL BARRETO DE MENEZES - 323            09791150                                                            000101
2SR. CAIXA, APOS O VENCIMENTO COBRAR 2% DE MULTA                                 NAO RECEBER APOS 30 DIAS DO VENCIMENTO.                                                                                                                                                                                                         01022300000000000000102230000000000000       0090339900006270379470022312000102
100000000000000000000009033990000627000000000000000000000000010002020037517702231000000000002            2  01375177022309022300000007396840000000001N010223000000000000000000000000000000000000000000000000000000000000000100037517785869RENATO JOSE DE LIMA MELO                RUA ARISTIDES LOBO - 148 AP.41 BLOCO 03             03041100                                                            000104
2SR. CAIXA, APOS O VENCIMENTO COBRAR 2% DE MULTA                                 NAO RECEBER APOS 30 DIAS DO VENCIMENTO.                                                                                                                                                                                                         01022300000000000000102230000000000000       0090339900006270375177022310000105
100000000000000000000009033990000627000000000000000000000000010002020037517702232900000000002            2  01375177022309022300000004188380000000001N010223000000000000000000000000000000000000000000000000000000000000000100037517785869RENATO JOSE DE LIMA MELO                RUA ARISTIDES LOBO - 148 AP.41 BLOCO 03             03041100                                                            000107
2SR. CAIXA, APOS O VENCIMENTO COBRAR 2% DE MULTA                                 NAO RECEBER APOS 30 DIAS DO VENCIMENTO.                                                                                                                                                                                                         01022300000000000000102230000000000000       0090339900006270375177022329000108
100000000000000000000009033990000627000000000000000000000000010002020070367902231100000000002            2  01703679022311022300000002099350000000001N010223000000000000000000000000000000000000000000000000000000000000000100070367949849TEODOMIRO ALVES DOS SANTOS              RUA ANDRE PAZ - 13 - JARDIM SANTO ANDRE             08390230                                                            000110
2SR. CAIXA, APOS O VENCIMENTO COBRAR 2% DE MULTA                                 NAO RECEBER APOS 30 DIAS DO VENCIMENTO.                                                                                                                                                                                                         01022300000000000000102230000000000000       0090339900006270703679022311000111
100000000000000000000009033990000627000000000000000000000000010002020004410802231000000000002            2  01044108022309022300000003112020000000001N010223000000000000000000000000000000000000000000000000000000000000000100004410802860LUIZ ALBERTO MARINHO                    RUA DA INDEPENDENCIA - 706 AP.41B - CAMB            01524000                                                            000113
2SR. CAIXA, APOS O VENCIMENTO COBRAR 2% DE MULTA                                 NAO RECEBER APOS 30 DIAS DO VENCIMENTO.                                                                                                                                                                                                         01022300000000000000102230000000000000       0090339900006270044108022310000114
100000000000000000000009033990000627000000000000000000000000010002020004767602232400000000002            2  01047676022309022300000004154440000000001N010223000000000000000000000000000000000000000000000000000000000000000100004767679893ORLANDO GRANDE FILHO                    RUA ORLANDO MIGLIARI - 101 - JARDIM OURO            19906140                                                            000116
2SR. CAIXA, APOS O VENCIMENTO COBRAR 2% DE MULTA                                 NAO RECEBER APOS 30 DIAS DO VENCIMENTO.                                                                                                                                                                                                         01022300000000000000102230000000000000       0090339900006270047676022324000117
100000000000000000000009033990000627000000000000000000000000010002020064677802231100000000002            2  01646778022309022300000003341930000000001N010223000000000000000000000000000000000000000000000000000000000000000100064677850887ANTONIO CARLOS DE OLIVEIRA              RUA DR.ANTONIO MAZILLI FILHO - 435 - PAR            02230070                                                            000119
2SR. CAIXA, APOS O VENCIMENTO COBRAR 2% DE MULTA                                 NAO RECEBER APOS 30 DIAS DO VENCIMENTO.                                                                                                                                                                                                         01022300000000000000102230000000000000       0090339900006270646778022311000120
100000000000000000000009033990000627000000000000000000000000010002020007328902231700000000002            2  01073289022309022300000004077360000000001N010223000000000000000000000000000000000000000000000000000000000000000100007328927836BENEDITO APARECIDO ROCHA                AVENIDA SENADOR JOSE ERMINIO DE MORAES -            02357002                                                            000122
2SR. CAIXA, APOS O VENCIMENTO COBRAR 2% DE MULTA                                 NAO RECEBER APOS 30 DIAS DO VENCIMENTO.                                                                                                                                                                                                         01022300000000000000102230000000000000       0090339900006270073289022317000123
100000000000000000000009033990000627000000000000000000000000010002020028082602231600000000002            2  01280826022311022300000002330790000000001N010223000000000000000000000000000000000000000000000000000000000000000100028082615869PRISCILA PEREIRA                        ALAMEDA AFONSO BOCCHIGLIERI - 184 - INTE            04445130                                                            000125
2SR. CAIXA, APOS O VENCIMENTO COBRAR 2% DE MULTA                                 NAO RECEBER APOS 30 DIAS DO VENCIMENTO.                                                                                                                                                                                                         01022300000000000000102230000000000000       0090339900006270280826022316000126
100000000000000000000009033990000627000000000000000000000000010002020058488602231400000000002            2  01584886022309022300000003048100000000001N010223000000000000000000000000000000000000000000000000000000000000000100058488618972ADAILTON ZANUTTO MORESCHI               R:RAPHAEL UNGARO - COND.RESERVA SERRA Q.            13212138                                                            000128
2SR. CAIXA, APOS O VENCIMENTO COBRAR 2% DE MULTA                                 NAO RECEBER APOS 30 DIAS DO VENCIMENTO.                                                                                                                                                                                                         01022300000000000000102230000000000000       0090339900006270584886022314000129
100000000000000000000009033990000627000000000000000000000000010002020002196002231900000000002            2  01021960022311022300000002292720000000001N010223000000000000000000000000000000000000000000000000000000000000000100002196012831VILEFORT DIAS BORGES                    RUA PORTO XAVIER - 189 AP.64 - VILA CARM            08210170                                                            000131
2SR. CAIXA, APOS O VENCIMENTO COBRAR 2% DE MULTA                                 NAO RECEBER APOS 30 DIAS DO VENCIMENTO.                                                                                                                                                                                                         01022300000000000000102230000000000000       0090339900006270021960022319000132
100000000000000000000009033990000627000000000000000000000000010002020031861502231700000000002            2  01318615022311022300000002383010000000001N010223000000000000000000000000000000000000000000000000000000000000000100031861586809VANIA TOMAZ                              -  -  -  -                                         00000000                                                            000134
2SR. CAIXA, APOS O VENCIMENTO COBRAR 2% DE MULTA                                 NAO RECEBER APOS 30 DIAS DO VENCIMENTO.                                                                                                                                                                                                         01022300000000000000102230000000000000       0090339900006270318615022317000135
100000000000000000000009033990000627000000000000000000000000010002020003104502231000000000002            2  01031045022309022300000008872910000000001N010223000000000000000000000000000000000000000000000000000000000000000100003104580804NELSON RODRIGUES                        RUA CARLOS JOSE BORSTENS - 50 AP.81 - AV            11702750                                                            000137
2SR. CAIXA, APOS O VENCIMENTO COBRAR 2% DE MULTA                                 NAO RECEBER APOS 30 DIAS DO VENCIMENTO.                                                                                                                                                                                                         01022300000000000000102230000000000000       0090339900006270031045022310000138
100000000000000000000009033990000627000000000000000000000000010002020007715302231900000000002            2  01077153022309022300000003748800000000001N010223000000000000000000000000000000000000000000000000000000000000000100007715360627NILTON RENNAN OLIVEIRA GOMES FILHO      RUA CARLOS JOSE BORSTENS - 50 AP.21 - AV            11702750                                                            000140
2SR. CAIXA, APOS O VENCIMENTO COBRAR 2% DE MULTA                                 NAO RECEBER APOS 30 DIAS DO VENCIMENTO.                                                                                                                                                                                                         01022300000000000000102230000000000000       0090339900006270077153022319000141
100000000000000000000009033990000627000000000000000000000000010002020007194002231P00000000002            2  01071940022311022300000002664780000000001N010223000000000000000000000000000000000000000000000000000000000000000100007194010895RAUL AMANTINO KIRK DE SANCTIS           AVENIDA SANTA CATARINA - 756 AP.01 - VIL            04378000                                                            000143
2SR. CAIXA, APOS O VENCIMENTO COBRAR 2% DE MULTA                                 NAO RECEBER APOS 30 DIAS DO VENCIMENTO.                                                                                                                                                                                                         01022300000000000000102230000000000000       009033990000627007194002231P000144
100000000000000000000009033990000627000000000000000000000000010002020025738602231700000000002            2  01257386022309022300000005384100000000001N010223000000000000000000000000000000000000000000000000000000000000000100025738614810VILMAR JOSE PEREIRA                     ALAMEDA TIETE - 646 - CERQUEIRA CESAR -             01417020                                                            000146
2SR. CAIXA, APOS O VENCIMENTO COBRAR 2% DE MULTA                                 NAO RECEBER APOS 30 DIAS DO VENCIMENTO.                                                                                                                                                                                                         01022300000000000000102230000000000000       0090339900006270257386022317000147
100000000000000000000009033990000627000000000000000000000000010002020025738602232500000000002            2  01257386022309022300000005384070000000001N010223000000000000000000000000000000000000000000000000000000000000000100025738614810VILMAR JOSE PEREIRA                     ALAMEDA TIETE - 646 - CERQUEIRA CESAR -             01417020                                                            000149
2SR. CAIXA, APOS O VENCIMENTO COBRAR 2% DE MULTA                                 NAO RECEBER APOS 30 DIAS DO VENCIMENTO.                                                                                                                                                                                                         01022300000000000000102230000000000000       0090339900006270257386022325000150
100000000000000000000009033990000627000000000000000000000000010002020025738602233300000000002            2  01257386022309022300000005384080000000001N010223000000000000000000000000000000000000000000000000000000000000000100025738614810VILMAR JOSE PEREIRA                     ALAMEDA TIETE - 646 - CERQUEIRA CESAR -             01417020                                                            000152
2SR. CAIXA, APOS O VENCIMENTO COBRAR 2% DE MULTA                                 NAO RECEBER APOS 30 DIAS DO VENCIMENTO.                                                                                                                                                                                                         01022300000000000000102230000000000000       0090339900006270257386022333000153
100000000000000000000009033990000627000000000000000000000000010002020025738602234100000000002            2  01257386022309022300000005384090000000001N010223000000000000000000000000000000000000000000000000000000000000000100025738614810VILMAR JOSE PEREIRA                     ALAMEDA TIETE - 646 - CERQUEIRA CESAR -             01417020                                                            000155
2SR. CAIXA, APOS O VENCIMENTO COBRAR 2% DE MULTA                                 NAO RECEBER APOS 30 DIAS DO VENCIMENTO.                                                                                                                                                                                                         01022300000000000000102230000000000000       0090339900006270257386022341000156
100000000000000000000009033990000627000000000000000000000000010002020011141502231900000000002            2  01111415022311022300000002800210000000001N010223000000000000000000000000000000000000000000000000000000000000000100011141508869PAULO ROBERTO TUNES SILVA               RUA PETROBRAS - 405 CASA 07 - VILA ANTON            03474060                                                            000158
2SR. CAIXA, APOS O VENCIMENTO COBRAR 2% DE MULTA                                 NAO RECEBER APOS 30 DIAS DO VENCIMENTO.                                                                                                                                                                                                         01022300000000000000102230000000000000       0090339900006270111415022319000159
100000000000000000000009033990000627000000000000000000000000010002020012449102231400000000002            2  01124491022311022300000002821580000000001N010223000000000000000000000000000000000000000000000000000000000000000100012449104810GILBERTO DOS SANTOS JUNIOR              RUA ALMIRANTE TAMANDARE - 89 AP.143 - BA            09310350                                                            000161
2SR. CAIXA, APOS O VENCIMENTO COBRAR 2% DE MULTA                                 NAO RECEBER APOS 30 DIAS DO VENCIMENTO.                                                                                                                                                                                                         01022300000000000000102230000000000000       0090339900006270124491022314000162
100000000000000000000009033990000627000000000000000000000000010002020011261302231200000000002            2  01112613022309022300000003721980000000001N010223000000000000000000000000000000000000000000000000000000000000000100011261359844JOVANETE DOS SANTOS PASSOS              RUA FULVIO MORGANTI - 672 - JARDIM PARAI            02417170                                                            000164
2SR. CAIXA, APOS O VENCIMENTO COBRAR 2% DE MULTA                                 NAO RECEBER APOS 30 DIAS DO VENCIMENTO.                                                                                                                                                                                                         01022300000000000000102230000000000000       0090339900006270112613022312000165
100000000000000000000009033990000627000000000000000000000000010002020036279302231100000000002            2  01362793022309022300000003308600000000001N010223000000000000000000000000000000000000000000000000000000000000000100036279398838BRUNO DOCINI ORTEGA                     RUA GENERAL EUCLIDES FIGUEIREDO - 146 AP            11700780                                                            000167
2SR. CAIXA, APOS O VENCIMENTO COBRAR 2% DE MULTA                                 NAO RECEBER APOS 30 DIAS DO VENCIMENTO.                                                                                                                                                                                                         01022300000000000000102230000000000000       0090339900006270362793022311000168
9                                                                                                                                                                                                                                                                                                                                                                                                         000169