01REMESSA01COBRANCA       00000000000005331186HB SANTOS CONSTRUTORA E INCORP237BRADESCO       010922        MX0000055                                                                                                                                                                                                                                                                                     000001
100000000000000000000009033990000995400000000000000000000000010002020026858609221400000000002            2  01268586092208092200000002860750000000001N010922000000000000000000000000000000000000000000000000000000000000000100026858625879GLAUCE FERREIRA DE OLIVEIRA FALSI       RUA LOURENCO ANTONIO BRAGANCA - 116 - JA            04403160                                                            000002
2SR. CAIXA, APOS O VENCIMENTO COBRAR 2% DE MULTA                                 NAO RECEBER APOS 30 DIAS DO VENCIMENTO.                                                                                                                                                                                                         01092200000000000000109220000000000000       0090339900009954268586092214000003
100000000000000000000009033990000995400000000000000000000000010002020016960809221500000000002            2  01169608092208092200000002731540000000001N010922000000000000000000000000000000000000000000000000000000000000000100016960804876LUIZ ALVES DE SOUZA JUNIOR              RUA URUGUAI - 89 AP.61 - JARDIM GUILHERM            11702300                                                            000005
2SR. CAIXA, APOS O VENCIMENTO COBRAR 2% DE MULTA                                 NAO RECEBER APOS 30 DIAS DO VENCIMENTO.                                                                                                                                                                                                         01092200000000000000109220000000000000       0090339900009954169608092215000006
100000000000000000000009033990000995400000000000000000000000010002020029425009221700000000002            2  01294250092208092200000002720570000000001N010922000000000000000000000000000000000000000000000000000000000000000100029425027897FABIA DOS SANTOS DE ANDRADE             AVENIDA ALCIDES CANDIDO DOS SANTOS - 248            11705480                                                            000008
2SR. CAIXA, APOS O VENCIMENTO COBRAR 2% DE MULTA                                 NAO RECEBER APOS 30 DIAS DO VENCIMENTO.                                                                                                                                                                                                         01092200000000000000109220000000000000       0090339900009954294250092217000009
100000000000000000000009033990000995400000000000000000000000010002020078382709221200000000002            2  01783827092208092200000002749270000000001N010922000000000000000000000000000000000000000000000000000000000000000100078382700497JARMELINA BARBOSA DA SILVA              RUA OSCAR CINTRA GORDINHO - 211 AP.51 -             01512010                                                            000011
2SR. CAIXA, APOS O VENCIMENTO COBRAR 2% DE MULTA                                 NAO RECEBER APOS 30 DIAS DO VENCIMENTO.                                                                                                                                                                                                         01092200000000000000109220000000000000       0090339900009954783827092212000012
100000000000000000000009033990000995400000000000000000000000010002020007535309221100000000002            2  01075353092208092200000002696010000000001N010922000000000000000000000000000000000000000000000000000000000000000100007535375839AINAILDE PEREIRA DE CASTRO OLIVETTO     TRAVESSA DORALINA ELIETE ADAO DA SILVA -            08021026                                                            000014
2SR. CAIXA, APOS O VENCIMENTO COBRAR 2% DE MULTA                                 NAO RECEBER APOS 30 DIAS DO VENCIMENTO.                                                                                                                                                                                                         01092200000000000000109220000000000000       0090339900009954075353092211000015
100000000000000000000009033990000995400000000000000000000000010002020017229709221700000000002            2  01172297092208092200000002855830000000001N010922000000000000000000000000000000000000000000000000000000000000000100017229751802BERENICE VIEIRA KERSTING                RUA ATIBAIA - 17 AP.417 - BAIRRO IMPERAD            11707380                                                            000017
2SR. CAIXA, APOS O VENCIMENTO COBRAR 2% DE MULTA                                 NAO RECEBER APOS 30 DIAS DO VENCIMENTO.                                                                                                                                                                                                         01092200000000000000109220000000000000       0090339900009954172297092217000018
100000000000000000000009033990000995400000000000000000000000010002020028974209221900000000002            2  01289742092208092200000002667290000000001N010922000000000000000000000000000000000000000000000000000000000000000100028974233827MARISTELA FAVANI DE OLIVEIRA            RUA GIUSEPPE CARNEVALLI - 96 - BAIRRO BO            09572100                                                            000020
2SR. CAIXA, APOS O VENCIMENTO COBRAR 2% DE MULTA                                 NAO RECEBER APOS 30 DIAS DO VENCIMENTO.                                                                                                                                                                                                         01092200000000000000109220000000000000       0090339900009954289742092219000021
100000000000000000000009033990000995400000000000000000000000010002020092184809221600000000002            2  01921848092208092200000002631790000000001N010922000000000000000000000000000000000000000000000000000000000000000100092184804800CARMEM DO SOCORRO GUILHERME             ESTRADA SAO FRANCISCO - 1.850 AP.182A -             06765000                                                            000023
2SR. CAIXA, APOS O VENCIMENTO COBRAR 2% DE MULTA                                 NAO RECEBER APOS 30 DIAS DO VENCIMENTO.                                                                                                                                                                                                         01092200000000000000109220000000000000       0090339900009954921848092216000024
100000000000000000000009033990000995400000000000000000000000010002020009169709221600000000002            2  01091697092208092200000005811940000000001N010922000000000000000000000000000000000000000000000000000000000000000100009169701830TADEU CONSTANTINO LOPES                 RUA JOSE ANTONIO COELHO - 349 CASA 01 -             04011061                                                            000026
2SR. CAIXA, APOS O VENCIMENTO COBRAR 2% DE MULTA                                 NAO RECEBER APOS 30 DIAS DO VENCIMENTO.                                                                                                                                                                                                         01092200000000000000109220000000000000       0090339900009954091697092216000027
100000000000000000000009033990000995400000000000000000000000010002020009169709222400000000002            2  01091697092208092200000002110700000000001N010922000000000000000000000000000000000000000000000000000000000000000100009169701830TADEU CONSTANTINO LOPES                 RUA JOSE ANTONIO COELHO - 349 CASA 01 -             04011061                                                            000029
2SR. CAIXA, APOS O VENCIMENTO COBRAR 2% DE MULTA                                 NAO RECEBER APOS 30 DIAS DO VENCIMENTO.                                                                                                                                                                                                         01092200000000000000109220000000000000       0090339900009954091697092224000030
100000000000000000000009033990000995400000000000000000000000010002020042480109221400000000002            2  01424801092208092200000002685040000000001N010922000000000000000000000000000000000000000000000000000000000000000100042480155870JAMITRE SOIOMARA ALVES DO NASCIMENTO DAVRUA URUGUAI - 89 AP.75 - JARDIM GUILHERM            11702300                                                            000032
2SR. CAIXA, APOS O VENCIMENTO COBRAR 2% DE MULTA                                 NAO RECEBER APOS 30 DIAS DO VENCIMENTO.                                                                                                                                                                                                         01092200000000000000109220000000000000       0090339900009954424801092214000033
100000000000000000000009033990000995400000000000000000000000010002020008966509221P00000000002            2  01089665092208092200000002536920000000001N010922000000000000000000000000000000000000000000000000000000000000000100008966511856MONICA SILVA REIS                       RUA ORATORIO - 264 E FUNDOS - BANGU - SA            09280550                                                            000035
2SR. CAIXA, APOS O VENCIMENTO COBRAR 2% DE MULTA                                 NAO RECEBER APOS 30 DIAS DO VENCIMENTO.                                                                                                                                                                                                         01092200000000000000109220000000000000       009033990000995408966509221P000036
100000000000000000000009033990000995400000000000000000000000010002020001356909221000000000002            2  01013569092208092200000002725010000000001N010922000000000000000000000000000000000000000000000000000000000000000100001356993800DALVA MARIA DOS SANTOS                  RUA URUGUAI - 89 AP.74 - AVIACAO - PRAIA            11702300                                                            000038
2SR. CAIXA, APOS O VENCIMENTO COBRAR 2% DE MULTA                                 NAO RECEBER APOS 30 DIAS DO VENCIMENTO.                                                                                                                                                                                                         01092200000000000000109220000000000000       0090339900009954013569092210000039
100000000000000000000009033990000995400000000000000000000000010002020024615509221300000000002            2  01246155092208092200000003107760000000001N010922000000000000000000000000000000000000000000000000000000000000000100024615557884GILBERTO JOSE GONSALES                  RUA URUGUAI - 89 AP.115 - JARDIM GUILHER            11702300                                                            000041
2SR. CAIXA, APOS O VENCIMENTO COBRAR 2% DE MULTA                                 NAO RECEBER APOS 30 DIAS DO VENCIMENTO.                                                                                                                                                                                                         01092200000000000000109220000000000000       0090339900009954246155092213000042
100000000000000000000009033990000995400000000000000000000000010002020008878809221800000000002            2  01088788092208092200000002988760000000001N010922000000000000000000000000000000000000000000000000000000000000000100008878832812LUIZ ANTONIO DE OLIVEIRA                RUA TORRINHA - 220 AP.132 - BAIRRO TATUA            03332010                                                            000044
2SR. CAIXA, APOS O VENCIMENTO COBRAR 2% DE MULTA                                 NAO RECEBER APOS 30 DIAS DO VENCIMENTO.                                                                                                                                                                                                         01092200000000000000109220000000000000       0090339900009954088788092218000045
100000000000000000000009033990000995400000000000000000000000010002020031473709221300000000002            2  01314737092208092200000002196700000000001N010922000000000000000000000000000000000000000000000000000000000000000100031473799813MURIEL DA SILVA DE MOURA SOUZA          RUA CAPITAO PAULINO FREIRE - 300 AP.014             08717100                                                            000047
2SR. CAIXA, APOS O VENCIMENTO COBRAR 2% DE MULTA                                 NAO RECEBER APOS 30 DIAS DO VENCIMENTO.                                                                                                                                                                                                         01092200000000000000109220000000000000       0090339900009954314737092213000048
100000000000000000000009033990000995400000000000000000000000010002020036949509221200000000002            2  01369495092208092200000002908120000000001N010922000000000000000000000000000000000000000000000000000000000000000100036949505833FELIPE APARECIDO DOS SANTOS             RUA DAS MIMOSAS - 67 CASA 09 - VILA LUCI            03144010                                                            000050
2SR. CAIXA, APOS O VENCIMENTO COBRAR 2% DE MULTA                                 NAO RECEBER APOS 30 DIAS DO VENCIMENTO.                                                                                                                                                                                                         01092200000000000000109220000000000000       0090339900009954369495092212000051
100000000000000000000009033990000995400000000000000000000000010002020008539309221P00000000002            2  01085393092208092200000002971240000000001N010922000000000000000000000000000000000000000000000000000000000000000100008539365871EDMILSON RAIMUNDO DOS SANTOS            RUA CALIDICE - 247 - PARQUE CRUZEIRO - S            08070010                                                            000053
2SR. CAIXA, APOS O VENCIMENTO COBRAR 2% DE MULTA                                 NAO RECEBER APOS 30 DIAS DO VENCIMENTO.                                                                                                                                                                                                         01092200000000000000109220000000000000       009033990000995408539309221P000054
100000000000000000000009033990000995400000000000000000000000010002020031040909221900000000002            2  01310409092208092200000003061140000000001N010922000000000000000000000000000000000000000000000000000000000000000100031040952801ANDRESSA REGINA FAVERANI LUPPI          RUA AMALIA BELLOTTI PASTORELLO - 169 - T            11724030                                                            000056
2SR. CAIXA, APOS O VENCIMENTO COBRAR 2% DE MULTA                                 NAO RECEBER APOS 30 DIAS DO VENCIMENTO.                                                                                                                                                                                                         01092200000000000000109220000000000000       0090339900009954310409092219000057
100000000000000000000009033990000995400000000000000000000000010002020024558909221500000000002            2  01245589092208092200000005117580000000001N010922000000000000000000000000000000000000000000000000000000000000000100024558912838EDILENE GORGATTI                        RUA ITARARE - 76 AP.142 - JARDIM GUILHER            11701820                                                            000059
2SR. CAIXA, APOS O VENCIMENTO COBRAR 2% DE MULTA                                 NAO RECEBER APOS 30 DIAS DO VENCIMENTO.                                                                                                                                                                                                         01092200000000000000109220000000000000       0090339900009954245589092215000060
100000000000000000000009033990000995400000000000000000000000010002020004611209221000000000002            2  01046112092208092200000001884490000000001N010922000000000000000000000000000000000000000000000000000000000000000100004611218830TANIA MARIA DA SILVA NUNES PEREIRA LUIZ RODOVIA RAPOSO TAVARES, 7389 KM 17,5 - A            05576200                                                            000062
2SR. CAIXA, APOS O VENCIMENTO COBRAR 2% DE MULTA                                 NAO RECEBER APOS 30 DIAS DO VENCIMENTO.                                                                                                                                                                                                         01092200000000000000109220000000000000       0090339900009954046112092210000063
100000000000000000000009033990000995400000000000000000000000010002020010548809221800000000002            2  01105488092208092200000003348450000000001N010922000000000000000000000000000000000000000000000000000000000000000100010548844801RICARDO DE JESUS CALDAS                 RUA ANTONIO AMBUBA - 50 CASA 60 - BAIRRO            05782370                                                            000065
2SR. CAIXA, APOS O VENCIMENTO COBRAR 2% DE MULTA                                 NAO RECEBER APOS 30 DIAS DO VENCIMENTO.                                                                                                                                                                                                         01092200000000000000109220000000000000       0090339900009954105488092218000066
100000000000000000000009033990000995400000000000000000000000010002020039623809221700000000002            2  01396238092208092200000002942900000000001N010922000000000000000000000000000000000000000000000000000000000000000100039623826826LEONARDO GUEDES PINTO                   RUA URUGUAI - 89 AP.24 - AVIACAO - PRAIA            11702300                                                            000068
2SR. CAIXA, APOS O VENCIMENTO COBRAR 2% DE MULTA                                 NAO RECEBER APOS 30 DIAS DO VENCIMENTO.                                                                                                                                                                                                         01092200000000000000109220000000000000       0090339900009954396238092217000069
100000000000000000000009033990000995400000000000000000000000010002020039558609221600000000002            2  01395586092208092200000002701780000000001N010922000000000000000000000000000000000000000000000000000000000000000100039558638838TAMIRES ROCHA FRANCISCO                 RUA DUARTE DE CARVALHO - 185 AP.102 - BA            03084030                                                            000071
2SR. CAIXA, APOS O VENCIMENTO COBRAR 2% DE MULTA                                 NAO RECEBER APOS 30 DIAS DO VENCIMENTO.                                                                                                                                                                                                         01092200000000000000109220000000000000       0090339900009954395586092216000072
100000000000000000000009033990000995400000000000000000000000010002020032038709221500000000002            2  01320387092208092200000002198090000000001N010922000000000000000000000000000000000000000000000000000000000000000100032038775893GUSTAVO PEREIRA DA CRUZ                 RUA SAO FIDELIS - 203 - JARDIM BRASIL -             16074050                                                            000074
2SR. CAIXA, APOS O VENCIMENTO COBRAR 2% DE MULTA                                 NAO RECEBER APOS 30 DIAS DO VENCIMENTO.                                                                                                                                                                                                         01092200000000000000109220000000000000       0090339900009954320387092215000075
100000000000000000000009033990000995400000000000000000000000010002020008993109221200000000002            2  01089931092208092200000010373780000000001N010922000000000000000000000000000000000000000000000000000000000000000100008993178801PATRICIA BITTENCOURT FRACARO            RUA MARCIO MAZZEI - 337 - VILA NOVA MAZZ            02316050                                                            000077
2SR. CAIXA, APOS O VENCIMENTO COBRAR 2% DE MULTA                                 NAO RECEBER APOS 30 DIAS DO VENCIMENTO.                                                                                                                                                                                                         01092200000000000000109220000000000000       0090339900009954089931092212000078
100000000000000000000009033990000995400000000000000000000000010002020012955209221500000000002            2  01129552092208092200000005094000000000001N010922000000000000000000000000000000000000000000000000000000000000000100012955241806MAURO ALVES SILVA                       RUA TRAITUBA - 354 - BAIRRO SAUDE - SAO             04142050                                                            000080
2SR. CAIXA, APOS O VENCIMENTO COBRAR 2% DE MULTA                                 NAO RECEBER APOS 30 DIAS DO VENCIMENTO.                                                                                                                                                                                                         01092200000000000000109220000000000000       0090339900009954129552092215000081
9                                                                                                                                                                                                                                                                                                                                                                                                         000082