01REMESSA01COBRANCA       00000000000008017025HB SANTOS CONSTRUTORA E INCORP237BRADESCO       101023        MX0000188                                                                                                                                                                                                                                                                                     000001
100000000000000000000009033990000627000000000000000000000000010002020025035110231300000000002            2  01250351102324102300000003138090000000001N091023000000000000000000000000000000000000000000000000000000000000000100025035170802WANDERSON LUIS DE CARVALHO              RUA JOAQUIM GONCALVES ROCHA - 302 - JARD            02859030                                                            000002
2SR. CAIXA, APOS O VENCIMENTO COBRAR 2% DE MULTA                                 NAO RECEBER APOS 30 DIAS DO VENCIMENTO.                                                                                                                                                                                                         10102300000000000001010230000000000000       0090339900006270250351102313000003
100000000000000000000009033990000627000000000000000000000000010002020007294310231000000000002            2  01072943102324102300000004220730000000001N091023000000000000000000000000000000000000000000000000000000000000000100007294351805CLAUDENIR APARECIDO VACARI              RUA CARLOS JOSE BORSTENS - 50 AP.93 - AV            11702750                                                            000005
2SR. CAIXA, APOS O VENCIMENTO COBRAR 2% DE MULTA                                 NAO RECEBER APOS 30 DIAS DO VENCIMENTO.                                                                                                                                                                                                         10102300000000000001010230000000000000       0090339900006270072943102310000006
100000000000000000000009033990000627000000000000000000000000010002020005071410231100000000002            2  01050714102324102300000004141300000000001N091023000000000000000000000000000000000000000000000000000000000000000100005071481855ERIBALDO SANTANA CARVALHO               RUA HONDURAS - 477 - PARQUE DAS AMERICAS            09351070                                                            000008
2SR. CAIXA, APOS O VENCIMENTO COBRAR 2% DE MULTA                                 NAO RECEBER APOS 30 DIAS DO VENCIMENTO.                                                                                                                                                                                                         10102300000000000001010230000000000000       0090339900006270050714102311000009
100000000000000000000009033990000627000000000000000000000000010002020002841710231500000000002            2  01028417102324102300000003874560000000001N091023000000000000000000000000000000000000000000000000000000000000000100002841756416LUCIANA PINHEIRO DE ASSIS NUNES         RUA RIO ACIMA - 81 - RIACHO GRANDE - SAO            09830100                                                            000011
2SR. CAIXA, APOS O VENCIMENTO COBRAR 2% DE MULTA                                 NAO RECEBER APOS 30 DIAS DO VENCIMENTO.                                                                                                                                                                                                         10102300000000000001010230000000000000       0090339900006270028417102315000012
100000000000000000000009033990000627000000000000000000000000010002020084302010231400000000002            2  01843020102324102300000003893150000000001N091023000000000000000000000000000000000000000000000000000000000000000100084302097868FAUSTO TADEU VILOR                      RUA ANTONIO TAVARES - 466 - BAIRRO CAMBU            01542010                                                            000014
2SR. CAIXA, APOS O VENCIMENTO COBRAR 2% DE MULTA                                 NAO RECEBER APOS 30 DIAS DO VENCIMENTO.                                                                                                                                                                                                         10102300000000000001010230000000000000       0090339900006270843020102314000015
100000000000000000000009033990000627000000000000000000000000010002020000991710231700000000002            2  01009917102324102300000003733420000000001N091023000000000000000000000000000000000000000000000000000000000000000100000991748808JAILSON BORGES DE ANDRADE               RUA IPIOBUNA - 45 - JARDIM CUMBICA - GUA            07240040                                                            000017
2SR. CAIXA, APOS O VENCIMENTO COBRAR 2% DE MULTA                                 NAO RECEBER APOS 30 DIAS DO VENCIMENTO.                                                                                                                                                                                                         10102300000000000001010230000000000000       0090339900006270009917102317000018
100000000000000000000009033990000627000000000000000000000000010002020022151610231300000000002            2  01221516102324102300000003711740000000001N091023000000000000000000000000000000000000000000000000000000000000000100022151666816SAMIR LIMA DE ARAUJO                    AVENIDA GUARAPIRANGA - 2616 AP.131 BL.14            04902005                                                            000020
2SR. CAIXA, APOS O VENCIMENTO COBRAR 2% DE MULTA                                 NAO RECEBER APOS 30 DIAS DO VENCIMENTO.                                                                                                                                                                                                         10102300000000000001010230000000000000       0090339900006270221516102313000021
100000000000000000000009033990000627000000000000000000000000010002020022313110231500000000002            2  01223131102326102300000002856370000000001N091023000000000000000000000000000000000000000000000000000000000000000100022313116824ROSA MARIA BRITO DA SILVA               RUA SERVIDAO DE SAO MARCOS - 128 CASA 1             04930300                                                            000023
2SR. CAIXA, APOS O VENCIMENTO COBRAR 2% DE MULTA                                 NAO RECEBER APOS 30 DIAS DO VENCIMENTO.                                                                                                                                                                                                         10102300000000000001010230000000000000       0090339900006270223131102315000024
100000000000000000000009033990000627000000000000000000000000010002020027538010231700000000002            2  01275380102326102300000002866310000000001N091023000000000000000000000000000000000000000000000000000000000000000100027538087249MARA LUCIA MENEZES DA COSTA             RUA LEILA  - 183 - ITAQUERA - SAO PAULO             08240020                                                            000026
2SR. CAIXA, APOS O VENCIMENTO COBRAR 2% DE MULTA                                 NAO RECEBER APOS 30 DIAS DO VENCIMENTO.                                                                                                                                                                                                         10102300000000000001010230000000000000       0090339900006270275380102317000027
100000000000000000000009033990000627000000000000000000000000010002020031278410231300000000002            2  01312784102324102300000003585640000000001N091023000000000000000000000000000000000000000000000000000000000000000100031278411836JEFFERSON DE PIERI PIRES ZAMUNER        RUA MANOEL ARCE - 277 - PARQUE BANCARIO             03922150                                                            000029
2SR. CAIXA, APOS O VENCIMENTO COBRAR 2% DE MULTA                                 NAO RECEBER APOS 30 DIAS DO VENCIMENTO.                                                                                                                                                                                                         10102300000000000001010230000000000000       0090339900006270312784102313000030
100000000000000000000009033990000627000000000000000000000000010002020019185710231500000000002            2  01191857102326102300000002608440000000001N091023000000000000000000000000000000000000000000000000000000000000000100019185769800AGUINALDO PESSOA DE LIMA                RUA JANUARIO ZINGARO - 252 AP.303 BL.04             05794300                                                            000032
2SR. CAIXA, APOS O VENCIMENTO COBRAR 2% DE MULTA                                 NAO RECEBER APOS 30 DIAS DO VENCIMENTO.                                                                                                                                                                                                         10102300000000000001010230000000000000       0090339900006270191857102315000033
100000000000000000000009033990000627000000000000000000000000010002020033303610231600000000002            2  01333036102326102300000002809480000000001N091023000000000000000000000000000000000000000000000000000000000000000100033303645809JESSICA DA SILVA FREITAS                RUA ARILDO VALADAO - 120 - JARDIM GUAEMB            04814600                                                            000035
2SR. CAIXA, APOS O VENCIMENTO COBRAR 2% DE MULTA                                 NAO RECEBER APOS 30 DIAS DO VENCIMENTO.                                                                                                                                                                                                         10102300000000000001010230000000000000       0090339900006270333036102316000036
100000000000000000000009033990000627000000000000000000000000010002020006422610231100000000002            2  01064226102324102300000003883350000000001N091023000000000000000000000000000000000000000000000000000000000000000100006422607881GERALDO ALVES DA SILVA                  RUA CARLOS JOSE BORSTENS - 50 AP.14 - AV            11702750                                                            000038
2SR. CAIXA, APOS O VENCIMENTO COBRAR 2% DE MULTA                                 NAO RECEBER APOS 30 DIAS DO VENCIMENTO.                                                                                                                                                                                                         10102300000000000001010230000000000000       0090339900006270064226102311000039
100000000000000000000009033990000627000000000000000000000000010002020033877110231300000000002            2  01338771102326102300000002633970000000001N091023000000000000000000000000000000000000000000000000000000000000000100033877129870HELDER FERREIRA VIANA                   RUA JOSE CALIXTO DO CARMO - 286 AP.35 -             11702690                                                            000041
2SR. CAIXA, APOS O VENCIMENTO COBRAR 2% DE MULTA                                 NAO RECEBER APOS 30 DIAS DO VENCIMENTO.                                                                                                                                                                                                         10102300000000000001010230000000000000       0090339900006270338771102313000042
100000000000000000000009033990000627000000000000000000000000010002020087573010231200000000002            2  01875730102326102300000002650870000000001N091023000000000000000000000000000000000000000000000000000000000000000100087573059604VANDERLEY DE ASSIS                      RUA ROMEU ALBANI - 268 - JARDIM PARQUE R            13803810                                                            000044
2SR. CAIXA, APOS O VENCIMENTO COBRAR 2% DE MULTA                                 NAO RECEBER APOS 30 DIAS DO VENCIMENTO.                                                                                                                                                                                                         10102300000000000001010230000000000000       0090339900006270875730102312000045
100000000000000000000009033990000627000000000000000000000000010002020010825510231P00000000002            2  01108255102326102300000002766310000000001N091023000000000000000000000000000000000000000000000000000000000000000100010825513847JOSE APARECIDO PEREIRA                  RUA GENERAL OSORIO - 305 - JARDIM TRINTA            11515130                                                            000047
2SR. CAIXA, APOS O VENCIMENTO COBRAR 2% DE MULTA                                 NAO RECEBER APOS 30 DIAS DO VENCIMENTO.                                                                                                                                                                                                         10102300000000000001010230000000000000       009033990000627010825510231P000048
100000000000000000000009033990000627000000000000000000000000010002020039115110231100000000002            2  01391151102326102300000003409980000000001N091023000000000000000000000000000000000000000000000000000000000000000100039115139840LAIS CRISTINA RIBEIRO ANDO              RUA JOSE CALIXTO DO CARMO - 286 AP.65 -             11702690                                                            000050
2SR. CAIXA, APOS O VENCIMENTO COBRAR 2% DE MULTA                                 NAO RECEBER APOS 30 DIAS DO VENCIMENTO.                                                                                                                                                                                                         10102300000000000001010230000000000000       0090339900006270391151102311000051
100000000000000000000009033990000627000000000000000000000000010002020000593210231P00000000002            2  01005932102324102300000004180410000000001N091023000000000000000000000000000000000000000000000000000000000000000100000593293860WALTER HELIO BARBOSA FILHO              AVENIDA ANTONIO FREDERICO OZANAN - 9500             13214206                                                            000053
2SR. CAIXA, APOS O VENCIMENTO COBRAR 2% DE MULTA                                 NAO RECEBER APOS 30 DIAS DO VENCIMENTO.                                                                                                                                                                                                         10102300000000000001010230000000000000       009033990000627000593210231P000054
100000000000000000000009033990000627000000000000000000000000010002020065584110231100000000002            2  01655841102324102300000002194490000000001N091023000000000000000000000000000000000000000000000000000000000000000100065584147834JOAQUIM DA COSTA MACHADO NETO           RUA CARLOS JOSE BORSTENS - 50 AP.42 - AV            11702750                                                            000056
2SR. CAIXA, APOS O VENCIMENTO COBRAR 2% DE MULTA                                 NAO RECEBER APOS 30 DIAS DO VENCIMENTO.                                                                                                                                                                                                         10102300000000000001010230000000000000       0090339900006270655841102311000057
100000000000000000000009033990000627000000000000000000000000010002020065584110232P00000000002            2  01655841102324102300000002194480000000001N091023000000000000000000000000000000000000000000000000000000000000000100065584147834JOAQUIM DA COSTA MACHADO NETO           RUA CARLOS JOSE BORSTENS - 50 AP.42 - AV            11702750                                                            000059
2SR. CAIXA, APOS O VENCIMENTO COBRAR 2% DE MULTA                                 NAO RECEBER APOS 30 DIAS DO VENCIMENTO.                                                                                                                                                                                                         10102300000000000001010230000000000000       009033990000627065584110232P000060
100000000000000000000009033990000627000000000000000000000000010002020006684610231400000000002            2  01066846102326102300000002809180000000001N091023000000000000000000000000000000000000000000000000000000000000000100006684623884LAUDINOR VIEIRA GARCIA                  RUA CANDIDO SALES - 374 - JARDIM PRESIDE            07172000                                                            000062
2SR. CAIXA, APOS O VENCIMENTO COBRAR 2% DE MULTA                                 NAO RECEBER APOS 30 DIAS DO VENCIMENTO.                                                                                                                                                                                                         10102300000000000001010230000000000000       0090339900006270066846102314000063
100000000000000000000009033990000627000000000000000000000000010002020011663510231500000000002            2  01116635102326102300000002829370000000001N091023000000000000000000000000000000000000000000000000000000000000000100011663589844MARIA SAVIO QUARELLO                    AVENIDA MENDONCA DRUMOND - 321 - JARDIM             03524030                                                            000065
2SR. CAIXA, APOS O VENCIMENTO COBRAR 2% DE MULTA                                 NAO RECEBER APOS 30 DIAS DO VENCIMENTO.                                                                                                                                                                                                         10102300000000000001010230000000000000       0090339900006270116635102315000066
100000000000000000000009033990000627000000000000000000000000010002020010083810231700000000002            2  01100838102326102300000002733640000000001N091023000000000000000000000000000000000000000000000000000000000000000100010083824855IONE FERREIRA COUTO DA SILVA            RUA JOSE RAGEL DE MESQUITA - 60 CS.01 -             07799999                                                            000068
2SR. CAIXA, APOS O VENCIMENTO COBRAR 2% DE MULTA                                 NAO RECEBER APOS 30 DIAS DO VENCIMENTO.                                                                                                                                                                                                         10102300000000000001010230000000000000       0090339900006270100838102317000069
100000000000000000000009033990000627000000000000000000000000010002020031010710231200000000002            2  01310107102326102300000002682580000000001N091023000000000000000000000000000000000000000000000000000000000000000100031010705890ANDRE GONZALEZ RABELLO                  RUA PARAIBA - 106 AP.61 - POMPEIA - SANT            11065470                                                            000071
2SR. CAIXA, APOS O VENCIMENTO COBRAR 2% DE MULTA                                 NAO RECEBER APOS 30 DIAS DO VENCIMENTO.                                                                                                                                                                                                         10102300000000000001010230000000000000       0090339900006270310107102312000072
100000000000000000000009033990000627000000000000000000000000010002020005351010231100000000002            2  01053510102326102300000002515180000000001N091023000000000000000000000000000000000000000000000000000000000000000100005351015897VALERIA ALVES MARCOLINO HINNIGER        RUA JOSE CALIXTO DO CARMO - 286 AP.92 -             11702690                                                            000074
2SR. CAIXA, APOS O VENCIMENTO COBRAR 2% DE MULTA                                 NAO RECEBER APOS 30 DIAS DO VENCIMENTO.                                                                                                                                                                                                         10102300000000000001010230000000000000       0090339900006270053510102311000075
100000000000000000000009033990000627000000000000000000000000010002020031898710231700000000002            2  01318987102324102300000003999980000000001N091023000000000000000000000000000000000000000000000000000000000000000100031898775800ANITA MARTINS COLOMBO                   RUA CARLOS JOSE BORSTENS - 50 AP.115 - A            11702750                                                            000077
2SR. CAIXA, APOS O VENCIMENTO COBRAR 2% DE MULTA                                 NAO RECEBER APOS 30 DIAS DO VENCIMENTO.                                                                                                                                                                                                         10102300000000000001010230000000000000       0090339900006270318987102317000078
100000000000000000000009033990000627000000000000000000000000010002020037983410231700000000002            2  01379834102326102300000002954550000000001N091023000000000000000000000000000000000000000000000000000000000000000100037983484801JOSE ERIVALDO SOUZA DO NASCIMENTO RAMOS RUA LETICIA - 250 - JARDIM GUARUJA - SAO            05877260                                                            000080
2SR. CAIXA, APOS O VENCIMENTO COBRAR 2% DE MULTA                                 NAO RECEBER APOS 30 DIAS DO VENCIMENTO.                                                                                                                                                                                                         10102300000000000001010230000000000000       0090339900006270379834102317000081
100000000000000000000009033990000627000000000000000000000000010002020056289210231800000000002            2  01562892102326102300000002231990000000001N091023000000000000000000000000000000000000000000000000000000000000000100056289286900PEDRO RIBEIRO                           RUA CONEGO MANOEL VAZ - 48 - SANTANA - S            02019050                                                            000083
2SR. CAIXA, APOS O VENCIMENTO COBRAR 2% DE MULTA                                 NAO RECEBER APOS 30 DIAS DO VENCIMENTO.                                                                                                                                                                                                         10102300000000000001010230000000000000       0090339900006270562892102318000084
100000000000000000000009033990000627000000000000000000000000010002020034812210231800000000002            2  01348122102324102300000005294160000000001N091023000000000000000000000000000000000000000000000000000000000000000100034812226880THAIS TORQUATO MIMOSO DE JESUS          RUA ARNALDO CINTRA - 416 AP.104 TORRE 2             03088000                                                            000086
2SR. CAIXA, APOS O VENCIMENTO COBRAR 2% DE MULTA                                 NAO RECEBER APOS 30 DIAS DO VENCIMENTO.                                                                                                                                                                                                         10102300000000000001010230000000000000       0090339900006270348122102318000087
100000000000000000000009033990000627000000000000000000000000010002020012849410231400000000002            2  01128494102326102300000005277250000000001N091023000000000000000000000000000000000000000000000000000000000000000100012849428809MOISES CLAUDIO DO ROSARIO               AVENIDA DR. AUGUSTO DE TOLEDO - 510 AP.1            09541520                                                            000089
2SR. CAIXA, APOS O VENCIMENTO COBRAR 2% DE MULTA                                 NAO RECEBER APOS 30 DIAS DO VENCIMENTO.                                                                                                                                                                                                         10102300000000000001010230000000000000       0090339900006270128494102314000090
100000000000000000000009033990000627000000000000000000000000010002020014087410231700000000002            2  01140874102326102300000002913560000000001N091023000000000000000000000000000000000000000000000000000000000000000100014087484874SERGIO SANTOS DO NASCIMENTO             RUA JOSE CALIXTO DO CARMO - 286 AP.52 -             11702690                                                            000092
2SR. CAIXA, APOS O VENCIMENTO COBRAR 2% DE MULTA                                 NAO RECEBER APOS 30 DIAS DO VENCIMENTO.                                                                                                                                                                                                         10102300000000000001010230000000000000       0090339900006270140874102317000093
100000000000000000000009033990000627000000000000000000000000010002020026834510231600000000002            2  01268345102326102300000002684500000000001N091023000000000000000000000000000000000000000000000000000000000000000100026834550895RAQUEL CARDOSO JOAO                     RUA PEDROSO XAVIER - 277 AP.23 TORRE 01             02732020                                                            000095
2SR. CAIXA, APOS O VENCIMENTO COBRAR 2% DE MULTA                                 NAO RECEBER APOS 30 DIAS DO VENCIMENTO.                                                                                                                                                                                                         10102300000000000001010230000000000000       0090339900006270268345102316000096
100000000000000000000009033990000627000000000000000000000000010002020039540010231400000000002            2  01395400102326102300000002639240000000001N091023000000000000000000000000000000000000000000000000000000000000000100039540008816LUZINETE CLARINDO SILVA                 RUA DEINOS - 275 - BAIRRO CIDADE SATELIT            08340100                                                            000098
2SR. CAIXA, APOS O VENCIMENTO COBRAR 2% DE MULTA                                 NAO RECEBER APOS 30 DIAS DO VENCIMENTO.                                                                                                                                                                                                         10102300000000000001010230000000000000       0090339900006270395400102314000099
100000000000000000000009033990000627000000000000000000000000010002020003311010231100000000002            2  01033110102326102300000002748470000000001N091023000000000000000000000000000000000000000000000000000000000000000100003311030877SEBASTIAO SARUVA NETO                   RUA HAMILTON REGIS - 559 - BAIRRO DO LIM            08051440                                                            000101
2SR. CAIXA, APOS O VENCIMENTO COBRAR 2% DE MULTA                                 NAO RECEBER APOS 30 DIAS DO VENCIMENTO.                                                                                                                                                                                                         10102300000000000001010230000000000000       0090339900006270033110102311000102
100000000000000000000009033990000627000000000000000000000000010002020090091910231800000000002            2  01900919102326102300000002627120000000001N091023000000000000000000000000000000000000000000000000000000000000000100090091990882JUECIR CARVALHO DA LUZ                  RUA JOSE CALIXTO DO CARMO - 286 AP.114 -            11702690                                                            000104
2SR. CAIXA, APOS O VENCIMENTO COBRAR 2% DE MULTA                                 NAO RECEBER APOS 30 DIAS DO VENCIMENTO.                                                                                                                                                                                                         10102300000000000001010230000000000000       0090339900006270900919102318000105
100000000000000000000009033990000627000000000000000000000000010002020037325910231P00000000002            2  01373259102326102300000002149920000000001N091023000000000000000000000000000000000000000000000000000000000000000100037325923830MARIA AUGUSTA OLIVEIRA DE ANDRADE       RUA JOSE CALIXTO DO CARMO - 286 AP.124 -            11702690                                                            000107
2SR. CAIXA, APOS O VENCIMENTO COBRAR 2% DE MULTA                                 NAO RECEBER APOS 30 DIAS DO VENCIMENTO.                                                                                                                                                                                                         10102300000000000001010230000000000000       009033990000627037325910231P000108
100000000000000000000009033990000627000000000000000000000000010002020012478810231700000000002            2  01124788102324102300000003912470000000001N091023000000000000000000000000000000000000000000000000000000000000000100012478899809VITORIA BATISTA QUEIROZ                 RUA CARVALHO DE FREITAS - 255 AP.71A - V            05728030                                                            000110
2SR. CAIXA, APOS O VENCIMENTO COBRAR 2% DE MULTA                                 NAO RECEBER APOS 30 DIAS DO VENCIMENTO.                                                                                                                                                                                                         10102300000000000001010230000000000000       0090339900006270124788102317000111
100000000000000000000009033990000627000000000000000000000000010002020013184810231800000000002            2  01131848102326102300000002597240000000001N091023000000000000000000000000000000000000000000000000000000000000000100013184856810SYDNEY HENRIQUE GAMARANO JUNIOR         RUA JOSE CALIXTO DO CARMO - 286 AP.125 -            11702690                                                            000113
2SR. CAIXA, APOS O VENCIMENTO COBRAR 2% DE MULTA                                 NAO RECEBER APOS 30 DIAS DO VENCIMENTO.                                                                                                                                                                                                         10102300000000000001010230000000000000       0090339900006270131848102318000114
100000000000000000000009033990000627000000000000000000000000010002020097989910231100000000002            2  01979899102326102300000001804910000000001N091023000000000000000000000000000000000000000000000000000000000000000100097989924820NELSON LUIS BERRIBILLE                  RUA SILVEIRA IGNACIO SOBRINHO - 965 - VI            13560294                                                            000116
2SR. CAIXA, APOS O VENCIMENTO COBRAR 2% DE MULTA                                 NAO RECEBER APOS 30 DIAS DO VENCIMENTO.                                                                                                                                                                                                         10102300000000000001010230000000000000       0090339900006270979899102311000117
100000000000000000000009033990000627000000000000000000000000010002020097989910232P00000000002            2  01979899102326102300000001804900000000001N091023000000000000000000000000000000000000000000000000000000000000000100097989924820NELSON LUIS BERRIBILLE                  RUA SILVEIRA IGNACIO SOBRINHO - 965 - VI            13560294                                                            000119
2SR. CAIXA, APOS O VENCIMENTO COBRAR 2% DE MULTA                                 NAO RECEBER APOS 30 DIAS DO VENCIMENTO.                                                                                                                                                                                                         10102300000000000001010230000000000000       009033990000627097989910232P000120
100000000000000000000009033990000627000000000000000000000000010002020032341810231000000000002            2  01323418102324102300000004063970000000001N091023000000000000000000000000000000000000000000000000000000000000000100032341847803PRISCILA ALVES DE FRANCA MIRANDA        RUA CARLOS JOSE BORSTENS - 50 AP.91 - AV            11702750                                                            000122
2SR. CAIXA, APOS O VENCIMENTO COBRAR 2% DE MULTA                                 NAO RECEBER APOS 30 DIAS DO VENCIMENTO.                                                                                                                                                                                                         10102300000000000001010230000000000000       0090339900006270323418102310000123
100000000000000000000009033990000627000000000000000000000000010002020016050610231600000000002            2  01160506102324102300000003772150000000001N091023000000000000000000000000000000000000000000000000000000000000000100016050684898ANDRE RODRIGUES DE OLIVEIRA             RUA CORACAO PAULISTA - 14 - FAZENDA ITAI            08132430                                                            000125
2SR. CAIXA, APOS O VENCIMENTO COBRAR 2% DE MULTA                                 NAO RECEBER APOS 30 DIAS DO VENCIMENTO.                                                                                                                                                                                                         10102300000000000001010230000000000000       0090339900006270160506102316000126
100000000000000000000009033990000627000000000000000000000000010002020021464910231P00000000002            2  01214649102324102300000005944980000000001N091023000000000000000000000000000000000000000000000000000000000000000100021464965846ANDREA APARECIDA DE OLIVEIRA PECCI      RUA ANTONIO BOZ MARFIL - 103 - PARQUE DO            05396020                                                            000128
2SR. CAIXA, APOS O VENCIMENTO COBRAR 2% DE MULTA                                 NAO RECEBER APOS 30 DIAS DO VENCIMENTO.                                                                                                                                                                                                         10102300000000000001010230000000000000       009033990000627021464910231P000129
100000000000000000000009033990000627000000000000000000000000010002020030348110231100000000002            2  01303481102324102300000003602070000000001N091023000000000000000000000000000000000000000000000000000000000000000100030348198892KELLY CRISTINA CORDEIRO                 RUA CARLOS JOSE BORSTENS - 50 AP.25 - AV            11702750                                                            000131
2SR. CAIXA, APOS O VENCIMENTO COBRAR 2% DE MULTA                                 NAO RECEBER APOS 30 DIAS DO VENCIMENTO.                                                                                                                                                                                                         10102300000000000001010230000000000000       0090339900006270303481102311000132
100000000000000000000009033990000627000000000000000000000000010002020003597510231P00000000002            2  01035975102326102300000002427580000000001N091023000000000000000000000000000000000000000000000000000000000000000100003597509827ANISIO FAUSTINO DE OLIVEIRA             RUA DOMINGOS DE MAMBRO - 5 CASA 20 - CIT            06040290                                                            000134
2SR. CAIXA, APOS O VENCIMENTO COBRAR 2% DE MULTA                                 NAO RECEBER APOS 30 DIAS DO VENCIMENTO.                                                                                                                                                                                                         10102300000000000001010230000000000000       009033990000627003597510231P000135
9                                                                                                                                                                                                                                                                                                                                                                                                         000136