01REMESSA01COBRANCA       00000000000005331186HB SANTOS CONSTRUTORA E INCORP237BRADESCO       011023        MX0000082                                                                                                                                                                                                                                                                                     000001
100000000000000000000009033990000995400000000000000000000000010002020026858610231700000000002            2  01268586102308102300000003221670000000001N011023000000000000000000000000000000000000000000000000000000000000000100026858625879GLAUCE FERREIRA DE OLIVEIRA FALSI       RUA LOURENCO ANTONIO BRAGANCA - 116 - JA            04403160                                                            000002
2SR. CAIXA, APOS O VENCIMENTO COBRAR 2% DE MULTA                                 NAO RECEBER APOS 30 DIAS DO VENCIMENTO.                                                                                                                                                                                                         01102300000000000000110230000000000000       0090339900009954268586102317000003
100000000000000000000009033990000995400000000000000000000000010002020029425010231P00000000002            2  01294250102308102300000003063800000000001N011023000000000000000000000000000000000000000000000000000000000000000100029425027897FABIA DOS SANTOS DE ANDRADE             AVENIDA ALCIDES CANDIDO DOS SANTOS - 248            11705480                                                            000005
2SR. CAIXA, APOS O VENCIMENTO COBRAR 2% DE MULTA                                 NAO RECEBER APOS 30 DIAS DO VENCIMENTO.                                                                                                                                                                                                         01102300000000000000110230000000000000       009033990000995429425010231P000006
100000000000000000000009033990000995400000000000000000000000010002020078382710231500000000002            2  01783827102308102300000003096140000000001N011023000000000000000000000000000000000000000000000000000000000000000100078382700497JARMELINA BARBOSA DA SILVA              RUA OSCAR CINTRA GORDINHO - 211 AP.51 -             01512010                                                            000008
2SR. CAIXA, APOS O VENCIMENTO COBRAR 2% DE MULTA                                 NAO RECEBER APOS 30 DIAS DO VENCIMENTO.                                                                                                                                                                                                         01102300000000000000110230000000000000       0090339900009954783827102315000009
100000000000000000000009033990000995400000000000000000000000010002020007535310231400000000002            2  01075353102308102300000003036140000000001N011023000000000000000000000000000000000000000000000000000000000000000100007535375839AINAILDE PEREIRA DE CASTRO OLIVETTO     TRAVESSA DORALINA ELIETE ADAO DA SILVA -            08021026                                                            000011
2SR. CAIXA, APOS O VENCIMENTO COBRAR 2% DE MULTA                                 NAO RECEBER APOS 30 DIAS DO VENCIMENTO.                                                                                                                                                                                                         01102300000000000000110230000000000000       0090339900009954075353102314000012
100000000000000000000009033990000995400000000000000000000000010002020017229710231P00000000002            2  01172297102308102300000003216130000000001N011023000000000000000000000000000000000000000000000000000000000000000100017229751802BERENICE VIEIRA KERSTING                RUA ATIBAIA - 17 AP.417 - BAIRRO IMPERAD            11707380                                                            000014
2SR. CAIXA, APOS O VENCIMENTO COBRAR 2% DE MULTA                                 NAO RECEBER APOS 30 DIAS DO VENCIMENTO.                                                                                                                                                                                                         01102300000000000000110230000000000000       009033990000995417229710231P000015
100000000000000000000009033990000995400000000000000000000000010002020028974210231100000000002            2  01289742102308102300000003003780000000001N011023000000000000000000000000000000000000000000000000000000000000000100028974233827MARISTELA FAVANI DE OLIVEIRA            RUA GIUSEPPE CARNEVALLI - 96 - BAIRRO BO            09572100                                                            000017
2SR. CAIXA, APOS O VENCIMENTO COBRAR 2% DE MULTA                                 NAO RECEBER APOS 30 DIAS DO VENCIMENTO.                                                                                                                                                                                                         01102300000000000000110230000000000000       0090339900009954289742102311000018
100000000000000000000009033990000995400000000000000000000000010002020092184810231900000000002            2  01921848102308102300000002963810000000001N011023000000000000000000000000000000000000000000000000000000000000000100092184804800CARMEM DO SOCORRO GUILHERME             ESTRADA SAO FRANCISCO - 1.850 AP.182A -             06765000                                                            000020
2SR. CAIXA, APOS O VENCIMENTO COBRAR 2% DE MULTA                                 NAO RECEBER APOS 30 DIAS DO VENCIMENTO.                                                                                                                                                                                                         01102300000000000000110230000000000000       0090339900009954921848102319000021
100000000000000000000009033990000995400000000000000000000000010002020009169710231900000000002            2  01091697102308102300000002377010000000001N011023000000000000000000000000000000000000000000000000000000000000000100009169701830TADEU CONSTANTINO LOPES                 RUA JOSE ANTONIO COELHO - 349 CASA 01 -             04011061                                                            000023
2SR. CAIXA, APOS O VENCIMENTO COBRAR 2% DE MULTA                                 NAO RECEBER APOS 30 DIAS DO VENCIMENTO.                                                                                                                                                                                                         01102300000000000000110230000000000000       0090339900009954091697102319000024
100000000000000000000009033990000995400000000000000000000000010002020042480110231700000000002            2  01424801102308102300000003023790000000001N011023000000000000000000000000000000000000000000000000000000000000000100042480155870JAMITRE SOIOMARA ALVES DO NASCIMENTO DAVRUA URUGUAI - 89 AP.75 - JARDIM GUILHERM            11702300                                                            000026
2SR. CAIXA, APOS O VENCIMENTO COBRAR 2% DE MULTA                                 NAO RECEBER APOS 30 DIAS DO VENCIMENTO.                                                                                                                                                                                                         01102300000000000000110230000000000000       0090339900009954424801102317000027
100000000000000000000009033990000995400000000000000000000000010002020008966510231200000000002            2  01089665102308102300000002856980000000001N011023000000000000000000000000000000000000000000000000000000000000000100008966511856MONICA SILVA REIS                       RUA ORATORIO - 264 E FUNDOS - BANGU - SA            09280550                                                            000029
2SR. CAIXA, APOS O VENCIMENTO COBRAR 2% DE MULTA                                 NAO RECEBER APOS 30 DIAS DO VENCIMENTO.                                                                                                                                                                                                         01102300000000000000110230000000000000       0090339900009954089665102312000030
100000000000000000000009033990000995400000000000000000000000010002020001356910231300000000002            2  01013569102308102300000003068800000000001N011023000000000000000000000000000000000000000000000000000000000000000100001356993800DALVA MARIA DOS SANTOS                  RUA URUGUAI - 89 AP.74 - AVIACAO - PRAIA            11702300                                                            000032
2SR. CAIXA, APOS O VENCIMENTO COBRAR 2% DE MULTA                                 NAO RECEBER APOS 30 DIAS DO VENCIMENTO.                                                                                                                                                                                                         01102300000000000000110230000000000000       0090339900009954013569102313000033
100000000000000000000009033990000995400000000000000000000000010002020024615510231600000000002            2  01246155102308102300000003499830000000001N011023000000000000000000000000000000000000000000000000000000000000000100024615557884GILBERTO JOSE GONSALES                  RUA URUGUAI - 89 AP.115 - JARDIM GUILHER            11702300                                                            000035
2SR. CAIXA, APOS O VENCIMENTO COBRAR 2% DE MULTA                                 NAO RECEBER APOS 30 DIAS DO VENCIMENTO.                                                                                                                                                                                                         01102300000000000000110230000000000000       0090339900009954246155102316000036
100000000000000000000009033990000995400000000000000000000000010002020036949510231500000000002            2  01369495102308102300000003275000000000001N011023000000000000000000000000000000000000000000000000000000000000000100036949505833FELIPE APARECIDO DOS SANTOS             RUA DAS MIMOSAS - 67 CASA 09 - VILA LUCI            03144010                                                            000038
2SR. CAIXA, APOS O VENCIMENTO COBRAR 2% DE MULTA                                 NAO RECEBER APOS 30 DIAS DO VENCIMENTO.                                                                                                                                                                                                         01102300000000000000110230000000000000       0090339900009954369495102315000039
100000000000000000000009033990000995400000000000000000000000010002020008539310231200000000002            2  01085393102308102300000003346100000000001N011023000000000000000000000000000000000000000000000000000000000000000100008539365871EDMILSON RAIMUNDO DOS SANTOS            RUA CALIDICE - 247 - PARQUE CRUZEIRO - S            08070010                                                            000041
2SR. CAIXA, APOS O VENCIMENTO COBRAR 2% DE MULTA                                 NAO RECEBER APOS 30 DIAS DO VENCIMENTO.                                                                                                                                                                                                         01102300000000000000110230000000000000       0090339900009954085393102312000042
100000000000000000000009033990000995400000000000000000000000010002020024558910231800000000002            2  01245589102308102300000005763220000000001N011023000000000000000000000000000000000000000000000000000000000000000100024558912838EDILENE GORGATTI                        RUA ITARARE - 76 AP.142 - JARDIM GUILHER            11701820                                                            000044
2SR. CAIXA, APOS O VENCIMENTO COBRAR 2% DE MULTA                                 NAO RECEBER APOS 30 DIAS DO VENCIMENTO.                                                                                                                                                                                                         01102300000000000000110230000000000000       0090339900009954245589102318000045
100000000000000000000009033990000995400000000000000000000000010002020004611210231300000000002            2  01046112102308102300000002122260000000001N011023000000000000000000000000000000000000000000000000000000000000000100004611218830TANIA MARIA DA SILVA NUNES PEREIRA LUIZ RUA URUGUAI - 89 AP.103 - JARDIM GUILHER            11702300                                                            000047
2SR. CAIXA, APOS O VENCIMENTO COBRAR 2% DE MULTA                                 NAO RECEBER APOS 30 DIAS DO VENCIMENTO.                                                                                                                                                                                                         01102300000000000000110230000000000000       0090339900009954046112102313000048
100000000000000000000009033990000995400000000000000000000000010002020010548810231000000000002            2  01105488102308102300000003770920000000001N011023000000000000000000000000000000000000000000000000000000000000000100010548844801RICARDO DE JESUS CALDAS                 RUA ANTONIO AMBUBA - 50 CASA 60 - BAIRRO            05782370                                                            000050
2SR. CAIXA, APOS O VENCIMENTO COBRAR 2% DE MULTA                                 NAO RECEBER APOS 30 DIAS DO VENCIMENTO.                                                                                                                                                                                                         01102300000000000000110230000000000000       0090339900009954105488102310000051
100000000000000000000009033990000995400000000000000000000000010002020032038710231800000000002            2  01320387102308102300000002475400000000001N011023000000000000000000000000000000000000000000000000000000000000000100032038775893GUSTAVO PEREIRA DA CRUZ                 RUA SAO FIDELIS - 203 - JARDIM BRASIL -             16074050                                                            000053
2SR. CAIXA, APOS O VENCIMENTO COBRAR 2% DE MULTA                                 NAO RECEBER APOS 30 DIAS DO VENCIMENTO.                                                                                                                                                                                                         01102300000000000000110230000000000000       0090339900009954320387102318000054
100000000000000000000009033990000995400000000000000000000000010002020008993110231500000000002            2  01089931102308102300000011682560000000001N011023000000000000000000000000000000000000000000000000000000000000000100008993178801PATRICIA BITTENCOURT FRACARO            RUA MARCIO MAZZEI - 337 - VILA NOVA MAZZ            02316050                                                            000056
2SR. CAIXA, APOS O VENCIMENTO COBRAR 2% DE MULTA                                 NAO RECEBER APOS 30 DIAS DO VENCIMENTO.                                                                                                                                                                                                         01102300000000000000110230000000000000       0090339900009954089931102315000057
100000000000000000000009033990000995400000000000000000000000010002020025914210231100000000002            2  01259142102308102300000003365820000000001N011023000000000000000000000000000000000000000000000000000000000000000100025914206880JONAS DOS REIS MACHADO                  RUA PROFESSORA MARGARIDA RUTH FERREIRA D            02378200                                                            000059
2SR. CAIXA, APOS O VENCIMENTO COBRAR 2% DE MULTA                                 NAO RECEBER APOS 30 DIAS DO VENCIMENTO.                                                                                                                                                                                                         01102300000000000000110230000000000000       0090339900009954259142102311000060
100000000000000000000009033990000995400000000000000000000000010002020032549510231800000000002            2  01325495102308102300000003076150000000001N011023000000000000000000000000000000000000000000000000000000000000000100032549502833PAMELA DECENCI                          RUA URUGUAI - 89 AP.61 - AVIACAO - PRAIA            11702300                                                            000062
2SR. CAIXA, APOS O VENCIMENTO COBRAR 2% DE MULTA                                 NAO RECEBER APOS 30 DIAS DO VENCIMENTO.                                                                                                                                                                                                         01102300000000000000110230000000000000       0090339900009954325495102318000063
100000000000000000000009033990000995400000000000000000000000010002020027969410231700000000002            2  01279694102308102300000002473850000000001N011023000000000000000000000000000000000000000000000000000000000000000100027969412807THIAGO BARRETO PEREZ                    RUA ARMINDO GUARANA - 170 - VILA REGENTE            03335070                                                            000065
2SR. CAIXA, APOS O VENCIMENTO COBRAR 2% DE MULTA                                 NAO RECEBER APOS 30 DIAS DO VENCIMENTO.                                                                                                                                                                                                         01102300000000000000110230000000000000       0090339900009954279694102317000066
100000000000000000000009033990000995400000000000000000000000010002020013466510231800000000002            2  01134665102308102300000003314180000000001N011023000000000000000000000000000000000000000000000000000000000000000100013466586844MAURICIO DANTAS DA SILVA                RUA CASTOR - 57 - CIDADE SATELITE SANTA             08340120                                                            000068
2SR. CAIXA, APOS O VENCIMENTO COBRAR 2% DE MULTA                                 NAO RECEBER APOS 30 DIAS DO VENCIMENTO.                                                                                                                                                                                                         01102300000000000000110230000000000000       0090339900009954134665102318000069
9                                                                                                                                                                                                                                                                                                                                                                                                         000070