01REMESSA01COBRANCA       00000000000004991781AIRES CONSTRUTORA E INCORPORAD237BRADESCO       110417        MX0000079                                                                                                                                                                                                                                                                                     000001
100000000000000000000009077090006612500000000000000000000000010002100000012011212300000000002            2  01001201121225041700000003161690000000099N110417000000000000000000000000000000000000000000000000000000000000000100001224509579REINALDO JUNIOR MARTINS DE ABREU        RUA JUSTINO NIGRO - 449 - INTERLAGOS - S            04815030                                                            000002
2SR. CAIXA, APOS O VENCIMENTO COBRAR 10% DE MULTA                                NAO RECEBER APOS 30 DIAS DO VENCIMENTO.                                                                                                                                                                                                         11041700000000000001104170000000000000       0090770900066125000120112123000003
100000000000000000000009077090006612500000000000000000000000010002100000013021313000000000002            2  01001302131325041700000003074950000000099N110417000000000000000000000000000000000000000000000000000000000000000100003325102808MARCOS DE OLIVEIRA JUNIOR               RUA LUIS NOVELLETO - 91 - PARQUE CONTINE            05324080                                                            000005
2SR. CAIXA, APOS O VENCIMENTO COBRAR 10% DE MULTA                                NAO RECEBER APOS 30 DIAS DO VENCIMENTO.                                                                                                                                                                                                         11041700000000000001104170000000000000       0090770900066125000130213130000006
100000000000000000000009077090006612500000000000000000000000010002100000015061515400000000002            2  01001506151525041700000003119590000000099N110417000000000000000000000000000000000000000000000000000000000000000100016338929806EDVALDO DA SILVA ANDRADE                RUA ARIA - 434 - PARQUE ALVES DE LIMA -             04902170                                                            000008
2SR. CAIXA, APOS O VENCIMENTO COBRAR 10% DE MULTA                                NAO RECEBER APOS 30 DIAS DO VENCIMENTO.                                                                                                                                                                                                         11041700000000000001104170000000000000       0090770900066125000150615154000009
100000000000000000000009077090006612500000000000000000000000010002100000018011818P00000000002            2  01001801181825041700000002825000000000099N110417000000000000000000000000000000000000000000000000000000000000000100026836908860VANDERLEI FIGUEIREDO DE CARVALHO        RUA TUPI - 840 - VILA TUPI - PRAIA GRAND            11703260                                                            000011
2SR. CAIXA, APOS O VENCIMENTO COBRAR 10% DE MULTA                                NAO RECEBER APOS 30 DIAS DO VENCIMENTO.                                                                                                                                                                                                         11041700000000000001104170000000000000       009077090006612500018011818P000012
100000000000000000000009077090006612500000000000000000000000010002100000020052020600000000002            2  01002005202025041700000003137800000000099N110417000000000000000000000000000000000000000000000000000000000000000100059861576800REINALDO LOPES DE OLIVEIRA              RUA DA SERVIDAO - 40 - VILA ROSCHEL - SA            04891045                                                            000014
2SR. CAIXA, APOS O VENCIMENTO COBRAR 10% DE MULTA                                NAO RECEBER APOS 30 DIAS DO VENCIMENTO.                                                                                                                                                                                                         11041700000000000001104170000000000000       0090770900066125000200520206000015
100000000000000000000009077090006612500000000000000000000000010002100000021102121P00000000002            2  01002110212125041700000001791340000000099N110417000000000000000000000000000000000000000000000000000000000000000100008158846807JULIO CESAR KYOO WATANUKI               AVENIDA PRESIDENTE CASTELO BRANCO - 460             11700800                                                            000017
2SR. CAIXA, APOS O VENCIMENTO COBRAR 10% DE MULTA                                NAO RECEBER APOS 30 DIAS DO VENCIMENTO.                                                                                                                                                                                                         11041700000000000001104170000000000000       009077090006612500021102121P000018
100000000000000000000009077090006612500000000000000000000000010002100000028212628400000000002            2  01002821262825041700000003528340000000099N110417000000000000000000000000000000000000000000000000000000000000000100007733816866GILBERTO MINORU IRITSU                  ACACIA - 410 - JARDIM DAS FLORES - OSASC            06120120                                                            000020
2SR. CAIXA, APOS O VENCIMENTO COBRAR 10% DE MULTA                                NAO RECEBER APOS 30 DIAS DO VENCIMENTO.                                                                                                                                                                                                         11041700000000000001104170000000000000       0090770900066125000282126284000021
100000000000000000000009077090006612500000000000000000000000010002100000030132830600000000002            2  01003013283025041700000002814270000000099N110417000000000000000000000000000000000000000000000000000000000000000100028379879805EDMILSON DANIEL GARCIA WATANUKI         RUA MONTE CASTELO - 295 AP.82 - AVIACAO             11702720                                                            000023
2SR. CAIXA, APOS O VENCIMENTO COBRAR 10% DE MULTA                                NAO RECEBER APOS 30 DIAS DO VENCIMENTO.                                                                                                                                                                                                         11041700000000000001104170000000000000       0090770900066125000301328306000024
100000000000000000000009077090006612500000000000000000000000010002100000037923538P00000000002            2  01003792353825041700000003118810000000099N110417000000000000000000000000000000000000000000000000000000000000000100016330938830KARINA CORDEIRO PIASSA                  CONDE MOREIRA LIMA - 644 - JARDIM JABAQU            04384032                                                            000026
2SR. CAIXA, APOS O VENCIMENTO COBRAR 10% DE MULTA                                NAO RECEBER APOS 30 DIAS DO VENCIMENTO.                                                                                                                                                                                                         11041700000000000001104170000000000000       009077090006612500037923538P000027
100000000000000000000009077090006612500000000000000000000000010002100000043814044400000000002            2  01004381404425041700000003031220000000099N110417000000000000000000000000000000000000000000000000000000000000000100077027604868CLINEU LISSONI                          AVENIDA VILA EMA - 1100 AP.41 - VILA PRU            03156000                                                            000029
2SR. CAIXA, APOS O VENCIMENTO COBRAR 10% DE MULTA                                NAO RECEBER APOS 30 DIAS DO VENCIMENTO.                                                                                                                                                                                                         11041700000000000001104170000000000000       0090770900066125000438140444000030
100000000000000000000009077090006612500000000000000000000000010002100000049624650300000000002            2  01004962465025041700000003001640000000099N110417000000000000000000000000000000000000000000000000000000000000000100027944402840MARILENE BOTTONI SIMOES DA SILVA        RUA AMAZONAS - 1205 AP.14 - OSVALDO CRUZ            09540201                                                            000032
2SR. CAIXA, APOS O VENCIMENTO COBRAR 10% DE MULTA                                NAO RECEBER APOS 30 DIAS DO VENCIMENTO.                                                                                                                                                                                                         11041700000000000001104170000000000000       0090770900066125000496246503000033
100000000000000000000009077090006612500000000000000000000000010002100000050584751500000000002            2  01005058475125041700000002841910000000099N110417000000000000000000000000000000000000000000000000000000000000000100005627947861FERNANDO CESAR MARCELINO                RUA CASA FORTE - 46 AP.11 - AGUA FRIA -             02336040                                                            000035
2SR. CAIXA, APOS O VENCIMENTO COBRAR 10% DE MULTA                                NAO RECEBER APOS 30 DIAS DO VENCIMENTO.                                                                                                                                                                                                         11041700000000000001104170000000000000       0090770900066125000505847515000036
100000000000000000000009077090006612500000000000000000000000010002100000052504953400000000002            2  01005250495325041700000002825170000000099N110417000000000000000000000000000000000000000000000000000000000000000100029380708882EDUARDO MENDONCA DAMASCENO              RUA MONTE CASTELO - 296 AP.12 - AVIACAO             11702720                                                            000038
2SR. CAIXA, APOS O VENCIMENTO COBRAR 10% DE MULTA                                NAO RECEBER APOS 30 DIAS DO VENCIMENTO.                                                                                                                                                                                                         11041700000000000001104170000000000000       0090770900066125000525049534000039
100000000000000000000009077090006612500000000000000000000000010002100000056575357900000000002            2  01005657535725041700000002868650000000099N110417000000000000000000000000000000000000000000000000000000000000000100023988525634DALMY PIMENTA                           SAO CAETANO - 136 - VILA SAO VICENTE - U            38026220                                                            000041
2SR. CAIXA, APOS O VENCIMENTO COBRAR 10% DE MULTA                                NAO RECEBER APOS 30 DIAS DO VENCIMENTO.                                                                                                                                                                                                         11041700000000000001104170000000000000       0090770900066125000565753579000042
100000000000000000000009077090006612500000000000000000000000010002100000058475559000000000002            2  01005847555925041700000003118950000000099N110417000000000000000000000000000000000000000000000000000000000000000100004735273832DARIO LUIZ GONCALVES                    RUA MONTE CASTELO - 295 AP.113 - AVIACAO            11702720                                                            000044
2SR. CAIXA, APOS O VENCIMENTO COBRAR 10% DE MULTA                                NAO RECEBER APOS 30 DIAS DO VENCIMENTO.                                                                                                                                                                                                         11041700000000000001104170000000000000       0090770900066125000584755590000045
100000000000000000000009077090006612500000000000000000000000010002100000060355761400000000002            2  01006035576125041700000002788550000000099N110417000000000000000000000000000000000000000000000000000000000000000100007635293893SILVIO CARDOSO ZACARIAS                 RUA SOLIDONIO LEITE - 2718 AP.102 BLOCO             03275000                                                            000047
2SR. CAIXA, APOS O VENCIMENTO COBRAR 10% DE MULTA                                NAO RECEBER APOS 30 DIAS DO VENCIMENTO.                                                                                                                                                                                                         11041700000000000001104170000000000000       0090770900066125000603557614000048
100000000000000000000009077090006612500000000000000000000000010002100000062185963600000000002            2  01006218596325041700000002729890000000099N110417000000000000000000000000000000000000000000000000000000000000000100067192920800SONIA MARIA RIBEIRO SUDO                RUA INGAZEIRA - 133 - SAO MIGUEL - SAO P            08032080                                                            000050
2SR. CAIXA, APOS O VENCIMENTO COBRAR 10% DE MULTA                                NAO RECEBER APOS 30 DIAS DO VENCIMENTO.                                                                                                                                                                                                         11041700000000000001104170000000000000       0090770900066125000621859636000051
100000000000000000000009077090006612500000000000000000000000010002100000063096064100000000002            2  01006309606425041700000003033810000000099N110417000000000000000000000000000000000000000000000000000000000000000100007975958808JOCY VIGNADO                            RUA PEDRO GONCALVES SOBRINHO - 568 - PAR            13098641                                                            000053
2SR. CAIXA, APOS O VENCIMENTO COBRAR 10% DE MULTA                                NAO RECEBER APOS 30 DIAS DO VENCIMENTO.                                                                                                                                                                                                         11041700000000000001104170000000000000       0090770900066125000630960641000054
100000000000000000000009077090006612500000000000000000000000010002100000068096569500000000002            2  01006809656925041700000002836740000000099N110417000000000000000000000000000000000000000000000000000000000000000100036712580803WALTER BARRETO DE ALMEIDA               RUA MONTE CASTELO - 296 AP.44 - AVIACAO             11702720                                                            000056
2SR. CAIXA, APOS O VENCIMENTO COBRAR 10% DE MULTA                                NAO RECEBER APOS 30 DIAS DO VENCIMENTO.                                                                                                                                                                                                         11041700000000000001104170000000000000       0090770900066125000680965695000057
100000000000000000000009077090006612500000000000000000000000010002100000073977075300000000002            2  01007397707525041700000003013430000000099N110417000000000000000000000000000000000000000000000000000000000000000100004290973876VLADIMIR PAIOLA BORREGO                 RUA GOMES - 429 - VILA IVONE - SAO PAULO            03275010                                                            000059
2SR. CAIXA, APOS O VENCIMENTO COBRAR 10% DE MULTA                                NAO RECEBER APOS 30 DIAS DO VENCIMENTO.                                                                                                                                                                                                         11041700000000000001104170000000000000       0090770900066125000739770753000060
100000000000000000000009077090006612500000000000000000000000010002100000075977277900000000002            2  01007597727725041700000003204150000000099N110417000000000000000000000000000000000000000000000000000000000000000100036386861833ALINE LEE WEI DE SOUZA                  AV. PRES.CASTELO BRANCO - 9127 AP.251 BL            11704600                                                            000062
2SR. CAIXA, APOS O VENCIMENTO COBRAR 10% DE MULTA                                NAO RECEBER APOS 30 DIAS DO VENCIMENTO.                                                                                                                                                                                                         11041700000000000001104170000000000000       0090770900066125000759772779000063
100000000000000000000009077090006612500000000000000000000000010002100000076847378400000000002            2  01007684737825041700000002973340000000099N110417000000000000000000000000000000000000000000000000000000000000000100026187960807CARINA CANTACESSO DE SOUZA              AVENIDA PRESIDENTE CASTELO BRANCO - 8086            11704600                                                            000065
2SR. CAIXA, APOS O VENCIMENTO COBRAR 10% DE MULTA                                NAO RECEBER APOS 30 DIAS DO VENCIMENTO.                                                                                                                                                                                                         11041700000000000001104170000000000000       0090770900066125000768473784000066
100000000000000000000009077090006612500000000000000000000000010002100000081687683700000000002            2  01008168768325041700000002835190000000099N110417000000000000000000000000000000000000000000000000000000000000000100023007705800BRUNA ANTUN AZEVEDO                     RUA MONTE CASTELO - 296 AP.62 - AVIACAO             11702720                                                            000068
2SR. CAIXA, APOS O VENCIMENTO COBRAR 10% DE MULTA                                NAO RECEBER APOS 30 DIAS DO VENCIMENTO.                                                                                                                                                                                                         11041700000000000001104170000000000000       0090770900066125000816876837000069
100000000000000000000009077090006612500000000000000000000000010002100000082707784700000000002            2  01008270778425041700000002914600000000099N110417000000000000000000000000000000000000000000000000000000000000000100070465320953SIDNEY CARASKI                          RUA DR.CELSO PACHECO BENTIM - 502 - PARQ            03571020                                                            000071
2SR. CAIXA, APOS O VENCIMENTO COBRAR 10% DE MULTA                                NAO RECEBER APOS 30 DIAS DO VENCIMENTO.                                                                                                                                                                                                         11041700000000000001104170000000000000       0090770900066125000827077847000072
100000000000000000000009077090006612500000000000000000000000010002100000083513985100000000002            2  01008351398525041700000002282380000000099N110417000000000000000000000000000000000000000000000000000000000000000100075759446800VALTER MUTAFEI                          JOAQUIM ABREU LUZ - 361 - PARQUE SAO LUC            03263020                                                            000074
2SR. CAIXA, APOS O VENCIMENTO COBRAR 10% DE MULTA                                NAO RECEBER APOS 30 DIAS DO VENCIMENTO.                                                                                                                                                                                                         11041700000000000001104170000000000000       0090770900066125000835139851000075
100000000000000000000009077090006612500000000000000000000000010002100000084377886300000000002            2  01008437788625041700000002520940000000099N110417000000000000000000000000000000000000000000000000000000000000000100014320599802MAURO DO CARMO CIMENO                   RUA GANGES - 481 - VILA CARRAO - SAO PAU            03445030                                                            000077
2SR. CAIXA, APOS O VENCIMENTO COBRAR 10% DE MULTA                                NAO RECEBER APOS 30 DIAS DO VENCIMENTO.                                                                                                                                                                                                         11041700000000000001104170000000000000       0090770900066125000843778863000078
100000000000000000000009077090006612500000000000000000000000010002100000087338189500000000002            2  01008733818925041700000003260940000000099N110417000000000000000000000000000000000000000000000000000000000000000100070328706868VALTER LIMA FERNANDES                   RUA DOMINGOS JORGE VELHO - 52 - CENTRO -            06843550                                                            000080
2SR. CAIXA, APOS O VENCIMENTO COBRAR 10% DE MULTA                                NAO RECEBER APOS 30 DIAS DO VENCIMENTO.                                                                                                                                                                                                         11041700000000000001104170000000000000       0090770900066125000873381895000081
100000000000000000000009077090006612500000000000000000000000010002100000088408290300000000002            2  01008840829025041700000001771320000000099N110417000000000000000000000000000000000000000000000000000000000000000100023132672882LEANDRO MORENO                          RUA MONTE CASTELO - 296 AP.64 - AVIACAO             11702720                                                            000083
2SR. CAIXA, APOS O VENCIMENTO COBRAR 10% DE MULTA                                NAO RECEBER APOS 30 DIAS DO VENCIMENTO.                                                                                                                                                                                                         11041700000000000001104170000000000000       0090770900066125000884082903000084
100000000000000000000009077090006612500000000000000000000000010002100000090438492800000000002            2  01009043849225041700000003020810000000099N110417000000000000000000000000000000000000000000000000000000000000000100099264692800LEONTINO PINHEIRO DA SILVA              AVENIDA JOAO BATISTA FITIPALDI - 469 - V            08685000                                                            000086
2SR. CAIXA, APOS O VENCIMENTO COBRAR 10% DE MULTA                                NAO RECEBER APOS 30 DIAS DO VENCIMENTO.                                                                                                                                                                                                         11041700000000000001104170000000000000       0090770900066125000904384928000087
100000000000000000000009077090006612500000000000000000000000010002100000092468594000000000002            2  01009246859425041700000002914220000000099N110417000000000000000000000000000000000000000000000000000000000000000100000666344825LUIZ HENRIQUE DE CAMPOS                 RUA JOAO CARLOS CAVALCANTI REIS - 21 - J            02281206                                                            000089
2SR. CAIXA, APOS O VENCIMENTO COBRAR 10% DE MULTA                                NAO RECEBER APOS 30 DIAS DO VENCIMENTO.                                                                                                                                                                                                         11041700000000000001104170000000000000       0090770900066125000924685940000090
100000000000000000000009077090006612500000000000000000000000010002100000096728898800000000002            2  01009672889825041700000003077550000000099N110417000000000000000000000000000000000000000000000000000000000000000100029155026842DANIELA YOSHIDA                         RUA FREI JOAO DO ROSARIO - 639 - VILA MA            04401090                                                            000092
2SR. CAIXA, APOS O VENCIMENTO COBRAR 10% DE MULTA                                NAO RECEBER APOS 30 DIAS DO VENCIMENTO.                                                                                                                                                                                                         11041700000000000001104170000000000000       0090770900066125000967288988000093
100000000000000000000009077090006612500000000000000000000000010002100001024694104P00000000002            2  01102469410425041700000002649120000000099N110417000000000000000000000000000000000000000000000000000000000000000100034325567801LUIZ FERNANDO ALAMINO                   AVENIDA FLOR DE VILA FORMOSA - 337 - VIL            03366010                                                            000095
2SR. CAIXA, APOS O VENCIMENTO COBRAR 10% DE MULTA                                NAO RECEBER APOS 30 DIAS DO VENCIMENTO.                                                                                                                                                                                                         11041700000000000001104170000000000000       009077090006612501024694104P000096
100000000000000000000009077090006612500000000000000000000000010002100001045096106800000000002            2  01104509610625041700000002506210000000099N110417000000000000000000000000000000000000000000000000000000000000000100001204431809CEZAR TALAVERA JUNIOR                   RUA MAESTRO ARTURO DE ANGELIS  - 190 AP.            05139010                                                            000098
2SR. CAIXA, APOS O VENCIMENTO COBRAR 10% DE MULTA                                NAO RECEBER APOS 30 DIAS DO VENCIMENTO.                                                                                                                                                                                                         11041700000000000001104170000000000000       0090770900066125010450961068000099
100000000000000000000009077090006612500000000000000000000000010002100001067298108300000000002            2  01106729810825041700000003248820000000099N110417000000000000000000000000000000000000000000000000000000000000000100004227553970ALESSANDRO ISRAEL GOULART               RUA PROFESSORA CARLINDA RIBEIRO - 21 - F            02866200                                                            000101
2SR. CAIXA, APOS O VENCIMENTO COBRAR 10% DE MULTA                                NAO RECEBER APOS 30 DIAS DO VENCIMENTO.                                                                                                                                                                                                         11041700000000000001104170000000000000       0090770900066125010672981083000102
100000000000000000000009077090006612500000000000000000000000010002100001077399109800000000002            2  01107739910925041700000002994160000000099N110417000000000000000000000000000000000000000000000000000000000000000100060811420868HELIO BASSI                             AV.PARIS,575 - PRACA ANTONIO FIGUEROA -             11700082                                                            000104
2SR. CAIXA, APOS O VENCIMENTO COBRAR 10% DE MULTA                                NAO RECEBER APOS 30 DIAS DO VENCIMENTO.                                                                                                                                                                                                         11041700000000000001104170000000000000       0090770900066125010773991098000105
100000000000000000000009077090006612500000000000000000000000010002100011472106117300000000002            2  01114721061125041700000002667750000000099N110417000000000000000000000000000000000000000000000000000000000000000100027317668591ERONILTON SOUSA MOTA                    AVENIDA PRESIDENTE KENNEDY - 3203 - AVIA            11701330                                                            000107
2SR. CAIXA, APOS O VENCIMENTO COBRAR 10% DE MULTA                                NAO RECEBER APOS 30 DIAS DO VENCIMENTO.                                                                                                                                                                                                         11041700000000000001104170000000000000       0090770900066125114721061173000108
100000000000000000000009077090006612500000000000000000000000010002100011670108119700000000002            2  01116701081125041700000002833280000000099N110417000000000000000000000000000000000000000000000000000000000000000100001024794881CLAUDIO RODRIGUES                       RUA ARACATUBA - 242 - LAPA - SAO PAULO -            05058010                                                            000110
2SR. CAIXA, APOS O VENCIMENTO COBRAR 10% DE MULTA                                NAO RECEBER APOS 30 DIAS DO VENCIMENTO.                                                                                                                                                                                                         11041700000000000001104170000000000000       0090770900066125116701081197000111
100000000000000000000009077090006612500000000000000000000000010002100011870109121700000000002            2  01118701091225041700000004343770000000099N110417000000000000000000000000000000000000000000000000000000000000000100002225072841PEDRO EDUARDO DE AZEVEDO                RUA NATH ZILMAN - 46 - JARDIM SAMAMBAIA             07600000                                                            000113
2SR. CAIXA, APOS O VENCIMENTO COBRAR 10% DE MULTA                                NAO RECEBER APOS 30 DIAS DO VENCIMENTO.                                                                                                                                                                                                         11041700000000000001104170000000000000       0090770900066125118701091217000114
100000000000000000000009077090006612500000000000000000000000010002100011972110122300000000002            2  01119721101225041700000003022800000000099N110417000000000000000000000000000000000000000000000000000000000000000100015039262817MARCOS ROBERTO DANTAS                   CARAJAS - 385 - VILA TUPI - VARZEA PAULI            13225030                                                            000116
2SR. CAIXA, APOS O VENCIMENTO COBRAR 10% DE MULTA                                NAO RECEBER APOS 30 DIAS DO VENCIMENTO.                                                                                                                                                                                                         11041700000000000001104170000000000000       0090770900066125119721101223000117
100000000000000000000009077090006612500000000000000000000000010002100012177112124600000000002            2  01121771121225041700000004266640000000099N110417000000000000000000000000000000000000000000000000000000000000000100037555503859RAPHAEL DE MELLO                        RUA MARECHAL HERMES - 126 AP.121 - CANTO            11700250                                                            000119
2SR. CAIXA, APOS O VENCIMENTO COBRAR 10% DE MULTA                                NAO RECEBER APOS 30 DIAS DO VENCIMENTO.                                                                                                                                                                                                         11041700000000000001104170000000000000       0090770900066125121771121246000120
100000000000000000000009077090006612500000000000000000000000010002100012481114127900000000002            2  01124811141225041700000002461250000000099N110417000000000000000000000000000000000000000000000000000000000000000100019288787844EMERSON LUIZ MARTINEZ PEREIRA           RUA MONTE CASTELO - 296 AP.74 - AVIACAO             11702720                                                            000122
2SR. CAIXA, APOS O VENCIMENTO COBRAR 10% DE MULTA                                NAO RECEBER APOS 30 DIAS DO VENCIMENTO.                                                                                                                                                                                                         11041700000000000001104170000000000000       0090770900066125124811141279000123
100000000000000000000009077090006612500000000000000000000000010002100012684116129300000000002            2  01126841161225041700000002084800000000099N110417000000000000000000000000000000000000000000000000000000000000000100027198452809CRISTIANE AURELIANO DA SILVA MAIA       RUA MONTE CASTELO - 262 AP.25 - AVIACAO             11702720                                                            000125
2SR. CAIXA, APOS O VENCIMENTO COBRAR 10% DE MULTA                                NAO RECEBER APOS 30 DIAS DO VENCIMENTO.                                                                                                                                                                                                         11041700000000000001104170000000000000       0090770900066125126841161293000126
100000000000000000000009077090006612500000000000000000000000010002100013028118133900000000002            2  01130281181325041700000002544270000000099N110417000000000000000000000000000000000000000000000000000000000000000100021246231840ALEXANDRO DA CUNHA MIGUES               AVENIDA CONSELHEIRO CARRAO - 1861 CONJ.5            03403001                                                            000128
2SR. CAIXA, APOS O VENCIMENTO COBRAR 10% DE MULTA                                NAO RECEBER APOS 30 DIAS DO VENCIMENTO.                                                                                                                                                                                                         11041700000000000001104170000000000000       0090770900066125130281181339000129
100000000000000000000009077090006612500000000000000000000000010002100013331121136900000000002            2  01133311211325041700000001523370000000099N110417000000000000000000000000000000000000000000000000000000000000000100004864924600RENATO SANTACHIARA SALVADORI            RUA PENSYLVANIA - 116 - PAYSAGE BRISE -             06730000                                                            000131
2SR. CAIXA, APOS O VENCIMENTO COBRAR 10% DE MULTA                                NAO RECEBER APOS 30 DIAS DO VENCIMENTO.                                                                                                                                                                                                         11041700000000000001104170000000000000       0090770900066125133311211369000132
100000000000000000000009077090006612500000000000000000000000010002100013532122138100000000002            2  01135321221325041700000003742990000000099N110417000000000000000000000000000000000000000000000000000000000000000100018470520881SILVANA ALVES DE OLIVEIRA               RUA MONTE CASTELO - 262 AP.91 - AVIACAO             11702720                                                            000134
2SR. CAIXA, APOS O VENCIMENTO COBRAR 10% DE MULTA                                NAO RECEBER APOS 30 DIAS DO VENCIMENTO.                                                                                                                                                                                                         11041700000000000001104170000000000000       0090770900066125135321221381000135
100000000000000000000009077090006612500000000000000000000000010002100013634123139800000000002            2  01136341231325041700000002605850000000099N110417000000000000000000000000000000000000000000000000000000000000000100009297523846MARCOS ROBERTO DE CASTRO FERREIRA       RUA MONTE CASTELO - 262 AP.105 - AVIACAO            11702720                                                            000137
2SR. CAIXA, APOS O VENCIMENTO COBRAR 10% DE MULTA                                NAO RECEBER APOS 30 DIAS DO VENCIMENTO.                                                                                                                                                                                                         11041700000000000001104170000000000000       0090770900066125136341231398000138
100000000000000000000009077090006612500000000000000000000000010002100014103126144400000000002            2  01141031261425041700000003229250000000099N110417000000000000000000000000000000000000000000000000000000000000000100001164158864DAVID BLEY LACERDA                      RUA CONEGO ARAUJO MARCONDES - 188 - BAIR            02550080                                                            000140
2SR. CAIXA, APOS O VENCIMENTO COBRAR 10% DE MULTA                                NAO RECEBER APOS 30 DIAS DO VENCIMENTO.                                                                                                                                                                                                         11041700000000000001104170000000000000       0090770900066125141031261444000141
100000000000000000000009077090006612500000000000000000000000010002100015495133159700000000002            2  01154951331525041700000003924670000000099N110417000000000000000000000000000000000000000000000000000000000000000100031498008895POLIANE  SIBELE DA SILVA                RUA FRANCISCO RODRIGUES SECKLER - 452 CA            08230020                                                            000143
2SR. CAIXA, APOS O VENCIMENTO COBRAR 10% DE MULTA                                NAO RECEBER APOS 30 DIAS DO VENCIMENTO.                                                                                                                                                                                                         11041700000000000001104170000000000000       0090770900066125154951331597000144
100000000000000000000009077090006612500000000000000000000000010002100016611140170300000000002            2  01166111401725041700000002301900000000099N110417000000000000000000000000000000000000000000000000000000000000000100000588109860JOSE LIARTE GIANTE                      AVENIDA LUIZ GONZAGA DO AMARAL - 143 - J            09320630                                                            000146
2SR. CAIXA, APOS O VENCIMENTO COBRAR 10% DE MULTA                                NAO RECEBER APOS 30 DIAS DO VENCIMENTO.                                                                                                                                                                                                         11041700000000000001104170000000000000       0090770900066125166111401703000147
100000000000000000000009077090006612500000000000000000000000010002100017573144178P00000000002            2  01175731441725041700000002604710000000099N110417000000000000000000000000000000000000000000000000000000000000000100000764632817LUIZ CARLOS ANTUNES JUNIOR              RUA MONTE CASTELO - 262 AP.35 - AVIACAO             11702720                                                            000149
2SR. CAIXA, APOS O VENCIMENTO COBRAR 10% DE MULTA                                NAO RECEBER APOS 30 DIAS DO VENCIMENTO.                                                                                                                                                                                                         11041700000000000001104170000000000000       009077090006612517573144178P000150
100000000000000000000009077090006612500000000000000000000000010002100018242146184100000000002            2  01182421461825041700000001841440000000099N110417000000000000000000000000000000000000000000000000000000000000000100014386860134SEVERINO CARLOS DE OLIVEIRA             RUA MONTE CASTELO - 262 AP.54 - AVIACAO             11702720                                                            000152
2SR. CAIXA, APOS O VENCIMENTO COBRAR 10% DE MULTA                                NAO RECEBER APOS 30 DIAS DO VENCIMENTO.                                                                                                                                                                                                         11041700000000000001104170000000000000       0090770900066125182421461841000153
100000000000000000000009077090006612500000000000000000000000010002100018639147187700000000002            2  01186391471825041700000002047180000000099N110417000000000000000000000000000000000000000000000000000000000000000100029088221804FABIANO SPERANDEO                       RUA MONTE CASTELO - 296 AP.93 - AVIACAO             11702720                                                            000155
2SR. CAIXA, APOS O VENCIMENTO COBRAR 10% DE MULTA                                NAO RECEBER APOS 30 DIAS DO VENCIMENTO.                                                                                                                                                                                                         11041700000000000001104170000000000000       0090770900066125186391471877000156
100000000000000000000009077090006612500000000000000000000000010002100019142151191000000000002            2  01191421511925041700000001549310000000099N110417000000000000000000000000000000000000000000000000000000000000000100053018338715JAIME YOSHIO YONAMINE                   AVENIDA MARCONDES DE BRITO - 1.283 CASA             03509000                                                            000158
2SR. CAIXA, APOS O VENCIMENTO COBRAR 10% DE MULTA                                NAO RECEBER APOS 30 DIAS DO VENCIMENTO.                                                                                                                                                                                                         11041700000000000001104170000000000000       0090770900066125191421511910000159
100000000000000000000009077090006612500000000000000000000000010002100021258161208700000000002            2  01212581612025041700000001269110000000099N110417000000000000000000000000000000000000000000000000000000000000000100039393790850NAIRON RICARDO DE ARAUJO SANTOS         RUA MONTE CASTELO - 262 AP.23 - AVIACAO             11702720                                                            000161
2SR. CAIXA, APOS O VENCIMENTO COBRAR 10% DE MULTA                                NAO RECEBER APOS 30 DIAS DO VENCIMENTO.                                                                                                                                                                                                         11041700000000000001104170000000000000       0090770900066125212581612087000162
100000000000000000000009077090006612500000000000000000000000010002100021377165209P00000000002            2  01213771652025041700000003264310000000099N110417000000000000000000000000000000000000000000000000000000000000000100066104106820ANADIR FERREIRA                         RUA MONTE CASTELO - 296 AP.61 - AVIACAO             11702720                                                            000164
2SR. CAIXA, APOS O VENCIMENTO COBRAR 10% DE MULTA                                NAO RECEBER APOS 30 DIAS DO VENCIMENTO.                                                                                                                                                                                                         11041700000000000001104170000000000000       009077090006612521377165209P000165
100000000000000000000009077090006612500000000000000000000000010002100021437166210600000000002            2  01214371662125041700000001848270000000099N110417000000000000000000000000000000000000000000000000000000000000000100041896807968SERGIO ROBERTO DA SILVA                 RUA DOS INGLESES - 542 AP.61 - MORRO DOS            01329000                                                            000167
2SR. CAIXA, APOS O VENCIMENTO COBRAR 10% DE MULTA                                NAO RECEBER APOS 30 DIAS DO VENCIMENTO.                                                                                                                                                                                                         11041700000000000001104170000000000000       0090770900066125214371662106000168
100000000000000000000009077090006612500000000000000000000000010002100022070129215700000000002            2  01220701292125041700000001675940000000099N110417000000000000000000000000000000000000000000000000000000000000000100088137384804ANA LUCIA DA SILVA                      RUA DOUTOR EPAMINONDAS BARRA - 147 - VIL            04438100                                                            000170
2SR. CAIXA, APOS O VENCIMENTO COBRAR 10% DE MULTA                                NAO RECEBER APOS 30 DIAS DO VENCIMENTO.                                                                                                                                                                                                         11041700000000000001104170000000000000       0090770900066125220701292157000171
9                                                                                                                                                                                                                                                                                                                                                                                                         000172