01REMESSA01COBRANCA       00000000000008017025HB SANTOS CONSTRUTORA E INCORP237BRADESCO       051217        MX0000045                                                                                                                                                                                                                                                                                     000001
100000000000000000000009033990000627000000000000000000000000010002020025035112171700000000002            2  01250351121724121700000001814450000000001N051217000000000000000000000000000000000000000000000000000000000000000100025035170802WANDERSON LUIS DE CARVALHO              RUA JOAQUIM GONCALVES ROCHA - 302 - JARD            02859030                                                            000002
2SR. CAIXA, APOS O VENCIMENTO COBRAR 2% DE MULTA                                 NAO RECEBER APOS 30 DIAS DO VENCIMENTO.                                                                                                                                                                                                         05121700000000000000512170000000000000       0090339900006270250351121717000003
100000000000000000000009033990000627000000000000000000000000010002020007294312171400000000002            2  01072943121724121700000002440490000000001N051217000000000000000000000000000000000000000000000000000000000000000100007294351805CLAUDENIR APARECIDO VACARI              RUA OFELIA CHAVES DE MEIRELLES - 989 CAS            11360210                                                            000005
2SR. CAIXA, APOS O VENCIMENTO COBRAR 2% DE MULTA                                 NAO RECEBER APOS 30 DIAS DO VENCIMENTO.                                                                                                                                                                                                         05121700000000000000512170000000000000       0090339900006270072943121714000006
100000000000000000000009033990000627000000000000000000000000010002020042976112171400000000002            2  01429761121724121700000002466090000000001N051217000000000000000000000000000000000000000000000000000000000000000100042976111634ACACIO TOSCANO BONDANCA                 RUA COMENDADOR JACOMO ANTONIO LA SELVA -            12946797                                                            000008
2SR. CAIXA, APOS O VENCIMENTO COBRAR 2% DE MULTA                                 NAO RECEBER APOS 30 DIAS DO VENCIMENTO.                                                                                                                                                                                                         05121700000000000000512170000000000000       0090339900006270429761121714000009
100000000000000000000009033990000627000000000000000000000000010002020035438012171800000000002            2  01354380121724121700000002082730000000001N051217000000000000000000000000000000000000000000000000000000000000000100035438022836ALESSANDRO FARACO DOS SANTOS            RUA PEDRO POMAR  - 145 - JARDIM ELISA MA            02875020                                                            000011
2SR. CAIXA, APOS O VENCIMENTO COBRAR 2% DE MULTA                                 NAO RECEBER APOS 30 DIAS DO VENCIMENTO.                                                                                                                                                                                                         05121700000000000000512170000000000000       0090339900006270354380121718000012
100000000000000000000009033990000627000000000000000000000000010002020007525012171P00000000002            2  01075250121724121700000002729780000000001N051217000000000000000000000000000000000000000000000000000000000000000100007525032866FERNANDO RIBEIRO                        RUA ALDO COLI - 539 - VILA MIRIM - PRAIA            11704760                                                            000014
2SR. CAIXA, APOS O VENCIMENTO COBRAR 2% DE MULTA                                 NAO RECEBER APOS 30 DIAS DO VENCIMENTO.                                                                                                                                                                                                         05121700000000000000512170000000000000       009033990000627007525012171P000015
100000000000000000000009033990000627000000000000000000000000010002020031898712171000000000002            2  01318987121724121700000003137460000000001N051217000000000000000000000000000000000000000000000000000000000000000100031898775800ANITA MARTINS COLOMBO                   RUA OSVALDO CRUZ - 49 - BOQUEIRAO - PRAI            11701360                                                            000017
2SR. CAIXA, APOS O VENCIMENTO COBRAR 2% DE MULTA                                 NAO RECEBER APOS 30 DIAS DO VENCIMENTO.                                                                                                                                                                                                         05121700000000000000512170000000000000       0090339900006270318987121710000018
100000000000000000000009033990000627000000000000000000000000010002020005520112171100000000002            2  01055201121724121700000002394540000000001N051217000000000000000000000000000000000000000000000000000000000000000100005520147884ERIBALDO SANTANA CARVALHO               RUA HONDURAS - 477 - PARQUE DAS AMERICAS            09351070                                                            000020
2SR. CAIXA, APOS O VENCIMENTO COBRAR 2% DE MULTA                                 NAO RECEBER APOS 30 DIAS DO VENCIMENTO.                                                                                                                                                                                                         05121700000000000000512170000000000000       0090339900006270055201121711000021
100000000000000000000009033990000627000000000000000000000000010002020002841712171900000000002            2  01028417121724121700000002240300000000001N051217000000000000000000000000000000000000000000000000000000000000000100002841756416LUCIANA PINHEIRO DE ASSIS NUNES         RUA RIO ACIMA - 81 - RIACHO GRANDE - SAO            09830100                                                            000023
2SR. CAIXA, APOS O VENCIMENTO COBRAR 2% DE MULTA                                 NAO RECEBER APOS 30 DIAS DO VENCIMENTO.                                                                                                                                                                                                         05121700000000000000512170000000000000       0090339900006270028417121719000024
100000000000000000000009033990000627000000000000000000000000010002020084302012171800000000002            2  01843020121724121700000002251020000000001N051217000000000000000000000000000000000000000000000000000000000000000100084302097868FAUSTO TADEU VILOR                      RUA ANTONIO TAVARES - 466 - BAIRRO CAMBU            01542010                                                            000026
2SR. CAIXA, APOS O VENCIMENTO COBRAR 2% DE MULTA                                 NAO RECEBER APOS 30 DIAS DO VENCIMENTO.                                                                                                                                                                                                         05121700000000000000512170000000000000       0090339900006270843020121718000027
100000000000000000000009033990000627000000000000000000000000010002020018207012171200000000002            2  01182070121724121700000002137180000000001N051217000000000000000000000000000000000000000000000000000000000000000100018207096802ROBERTO VALENTE TAVARES                 RUA SEBASTIAO GOMES - 218 - JARDIM SANTO            13835000                                                            000029
2SR. CAIXA, APOS O VENCIMENTO COBRAR 2% DE MULTA                                 NAO RECEBER APOS 30 DIAS DO VENCIMENTO.                                                                                                                                                                                                         05121700000000000000512170000000000000       0090339900006270182070121712000030
100000000000000000000009033990000627000000000000000000000000010002020028804212171800000000002            2  01288042121724121700000002211670000000001N051217000000000000000000000000000000000000000000000000000000000000000100028804202882GILBERTO FABIANO CABRAL DE CAMARGO      RUA JOAO AMADO COUTINHO - 444 AP.11 A -             02815000                                                            000032
2SR. CAIXA, APOS O VENCIMENTO COBRAR 2% DE MULTA                                 NAO RECEBER APOS 30 DIAS DO VENCIMENTO.                                                                                                                                                                                                         05121700000000000000512170000000000000       0090339900006270288042121718000033
100000000000000000000009033990000627000000000000000000000000010002020000991712171000000000002            2  01009917121724121700000002158660000000001N051217000000000000000000000000000000000000000000000000000000000000000100000991748808JAILSON BORGES DE ANDRADE               RUA IPIOBUNA - 45 - JARDIM CUMBICA - GUA            07240040                                                            000035
2SR. CAIXA, APOS O VENCIMENTO COBRAR 2% DE MULTA                                 NAO RECEBER APOS 30 DIAS DO VENCIMENTO.                                                                                                                                                                                                         05121700000000000000512170000000000000       0090339900006270009917121710000036
100000000000000000000009033990000627000000000000000000000000010002020092180212171800000000002            2  01921802121724121700000002943090000000001N051217000000000000000000000000000000000000000000000000000000000000000100092180299834LUIS ROBERTO DE SA DUARTE               RUA TEBAS - 296 AP.84 BLOCO 2 CE - JARDI            04634031                                                            000038
2SR. CAIXA, APOS O VENCIMENTO COBRAR 2% DE MULTA                                 NAO RECEBER APOS 30 DIAS DO VENCIMENTO.                                                                                                                                                                                                         05121700000000000000512170000000000000       0090339900006270921802121718000039
100000000000000000000009033990000627000000000000000000000000010002020022151612171700000000002            2  01221516121724121700000002146150000000001N051217000000000000000000000000000000000000000000000000000000000000000100022151666816SAMIR LIMA DE ARAUJO                    AVENIDA GUARAPIRANGA - 2616 AP.42 BLOCO1            04902005                                                            000041
2SR. CAIXA, APOS O VENCIMENTO COBRAR 2% DE MULTA                                 NAO RECEBER APOS 30 DIAS DO VENCIMENTO.                                                                                                                                                                                                         05121700000000000000512170000000000000       0090339900006270221516121717000042
100000000000000000000009033990000627000000000000000000000000010002020022313112171900000000002            2  01223131121726121700000001705090000000001N051217000000000000000000000000000000000000000000000000000000000000000100022313116824ROSA MARIA BRITO DA SILVA               RUA SERVIDAO DE SAO MARCOS - 113 - JARDI            04930300                                                            000044
2SR. CAIXA, APOS O VENCIMENTO COBRAR 2% DE MULTA                                 NAO RECEBER APOS 30 DIAS DO VENCIMENTO.                                                                                                                                                                                                         05121700000000000000512170000000000000       0090339900006270223131121719000045
100000000000000000000009033990000627000000000000000000000000010002020027538012171000000000002            2  01275380121726121700000009196740000000001N051217000000000000000000000000000000000000000000000000000000000000000100027538087249MARA LUCIA MENEZES DA COSTA             RUA LEILA  - 183 - ITAQUERA - SAO PAULO             08240020                                                            000047
2SR. CAIXA, APOS O VENCIMENTO COBRAR 2% DE MULTA                                 NAO RECEBER APOS 30 DIAS DO VENCIMENTO.                                                                                                                                                                                                         05121700000000000000512170000000000000       0090339900006270275380121710000048
100000000000000000000009033990000627000000000000000000000000010002020027538012172900000000002            2  01275380121726121700000001711030000000001N051217000000000000000000000000000000000000000000000000000000000000000100027538087249MARA LUCIA MENEZES DA COSTA             RUA LEILA  - 183 - ITAQUERA - SAO PAULO             08240020                                                            000050
2SR. CAIXA, APOS O VENCIMENTO COBRAR 2% DE MULTA                                 NAO RECEBER APOS 30 DIAS DO VENCIMENTO.                                                                                                                                                                                                         05121700000000000000512170000000000000       0090339900006270275380121729000051
100000000000000000000009033990000627000000000000000000000000010002020020105512171900000000002            2  01201055121726121700000001811360000000001N051217000000000000000000000000000000000000000000000000000000000000000100020105503827VALTER DE SOUSA LIBARINO FILHO          RUA DAS PAINEIRAS - 140 - LARANJEIRAS -             07700000                                                            000053
2SR. CAIXA, APOS O VENCIMENTO COBRAR 2% DE MULTA                                 NAO RECEBER APOS 30 DIAS DO VENCIMENTO.                                                                                                                                                                                                         05121700000000000000512170000000000000       0090339900006270201055121719000054
100000000000000000000009033990000627000000000000000000000000010002020031278412171700000000002            2  01312784121724121700000002073240000000001N051217000000000000000000000000000000000000000000000000000000000000000100031278411836JEFFERSON DE PIERI PIRES ZAMUNER        RUA MANOEL ARCE - 277 - PARQUE BANCARIO             03922150                                                            000056
2SR. CAIXA, APOS O VENCIMENTO COBRAR 2% DE MULTA                                 NAO RECEBER APOS 30 DIAS DO VENCIMENTO.                                                                                                                                                                                                         05121700000000000000512170000000000000       0090339900006270312784121717000057
100000000000000000000009033990000627000000000000000000000000010002020019185712171900000000002            2  01191857121726121700000001557090000000001N051217000000000000000000000000000000000000000000000000000000000000000100019185769800AGUINALDO PESSOA DE LIMA                RUA JANUARIO ZINGARO - 252 AP.303 BL.04             05794300                                                            000059
2SR. CAIXA, APOS O VENCIMENTO COBRAR 2% DE MULTA                                 NAO RECEBER APOS 30 DIAS DO VENCIMENTO.                                                                                                                                                                                                         05121700000000000000512170000000000000       0090339900006270191857121719000060
100000000000000000000009033990000627000000000000000000000000010002020033303612171P00000000002            2  01333036121726121700000001049200000000001N051217000000000000000000000000000000000000000000000000000000000000000100033303645809JESSICA DA SILVA FREITAS                RUA ARILDO VALADAO - 120 - JARDIM GUAEMB            04814600                                                            000062
2SR. CAIXA, APOS O VENCIMENTO COBRAR 2% DE MULTA                                 NAO RECEBER APOS 30 DIAS DO VENCIMENTO.                                                                                                                                                                                                         05121700000000000000512170000000000000       009033990000627033303612171P000063
100000000000000000000009033990000627000000000000000000000000010002020004824412171900000000002            2  01048244121726121700000001690380000000001N051217000000000000000000000000000000000000000000000000000000000000000100004824443806ROSIMEIRE CLARA FERREIRA REZENDE        RUA JOAQUIM DE OLIVEIRA FREITAS - 912 AP            05133000                                                            000065
2SR. CAIXA, APOS O VENCIMENTO COBRAR 2% DE MULTA                                 NAO RECEBER APOS 30 DIAS DO VENCIMENTO.                                                                                                                                                                                                         05121700000000000000512170000000000000       0090339900006270048244121719000066
100000000000000000000009033990000627000000000000000000000000010002020006422612171500000000002            2  01064226121724121700000002245380000000001N051217000000000000000000000000000000000000000000000000000000000000000100006422607881GERALDO ALVES DA SILVA                  RUA ALFREDO JOREL - 195 AP.5 CONDOMINIO             04195020                                                            000068
2SR. CAIXA, APOS O VENCIMENTO COBRAR 2% DE MULTA                                 NAO RECEBER APOS 30 DIAS DO VENCIMENTO.                                                                                                                                                                                                         05121700000000000000512170000000000000       0090339900006270064226121715000069
100000000000000000000009033990000627000000000000000000000000010002020033877112171700000000002            2  01338771121726121700000001572350000000001N051217000000000000000000000000000000000000000000000000000000000000000100033877129870HELDER FERREIRA VIANA                   RUA LEOPOLDO MOTTA E SILVA - 93 AP.34 -             11320340                                                            000071
2SR. CAIXA, APOS O VENCIMENTO COBRAR 2% DE MULTA                                 NAO RECEBER APOS 30 DIAS DO VENCIMENTO.                                                                                                                                                                                                         05121700000000000000512170000000000000       0090339900006270338771121717000072
100000000000000000000009033990000627000000000000000000000000010002020028290712171000000000002            2  01282907121726121700000001449100000000001N051217000000000000000000000000000000000000000000000000000000000000000100028290719809VANESSA GIANGARRELLI PEREIRA            RUA BARINEL - 72 - JARDIM COTCHING - SAO            03462130                                                            000074
2SR. CAIXA, APOS O VENCIMENTO COBRAR 2% DE MULTA                                 NAO RECEBER APOS 30 DIAS DO VENCIMENTO.                                                                                                                                                                                                         05121700000000000000512170000000000000       0090339900006270282907121710000075
100000000000000000000009033990000627000000000000000000000000010002020087573012171600000000002            2  01875730121726121700000001582430000000001N051217000000000000000000000000000000000000000000000000000000000000000100087573059604VANDERLEY DE ASSIS                      RUA ROMEU ALBANI - 268 - JARDIM PARQUE R            13803810                                                            000077
2SR. CAIXA, APOS O VENCIMENTO COBRAR 2% DE MULTA                                 NAO RECEBER APOS 30 DIAS DO VENCIMENTO.                                                                                                                                                                                                         05121700000000000000512170000000000000       0090339900006270875730121716000078
100000000000000000000009033990000627000000000000000000000000010002020010825512171300000000002            2  01108255121726121700000001651340000000001N051217000000000000000000000000000000000000000000000000000000000000000100010825513847JOSE APARECIDO PEREIRA                  RUA GENERAL OSORIO - 305 - JARDIM TRINTA            11515130                                                            000080
2SR. CAIXA, APOS O VENCIMENTO COBRAR 2% DE MULTA                                 NAO RECEBER APOS 30 DIAS DO VENCIMENTO.                                                                                                                                                                                                         05121700000000000000512170000000000000       0090339900006270108255121713000081
100000000000000000000009033990000627000000000000000000000000010002020038818512171300000000002            2  01388185121726121700000002580240000000001N051217000000000000000000000000000000000000000000000000000000000000000100038818572814MAURICIUS ALEXANDRE ESTEVAM NABOR       RUA RAUL SERAPIAO BARROSO - 379 - ESPLAN            11340330                                                            000083
2SR. CAIXA, APOS O VENCIMENTO COBRAR 2% DE MULTA                                 NAO RECEBER APOS 30 DIAS DO VENCIMENTO.                                                                                                                                                                                                         05121700000000000000512170000000000000       0090339900006270388185121713000084
100000000000000000000009033990000627000000000000000000000000010002020039115112171500000000002            2  01391151121726121700000002035560000000001N051217000000000000000000000000000000000000000000000000000000000000000100039115139840LAIS CRISTINA RIBEIRO ANDO              RUA PERU - 769 AP.17 - VILA GUILHERMINA             11702250                                                            000086
2SR. CAIXA, APOS O VENCIMENTO COBRAR 2% DE MULTA                                 NAO RECEBER APOS 30 DIAS DO VENCIMENTO.                                                                                                                                                                                                         05121700000000000000512170000000000000       0090339900006270391151121715000087
100000000000000000000009033990000627000000000000000000000000010002020029617512171300000000002            2  01296175121724121700000002203900000000001N051217000000000000000000000000000000000000000000000000000000000000000100029617510553MARILENE SOUZA DE OLIVEIRA              AVENIDA BRASIL - 393 AP.09 - PARQUE DAS             09210280                                                            000089
2SR. CAIXA, APOS O VENCIMENTO COBRAR 2% DE MULTA                                 NAO RECEBER APOS 30 DIAS DO VENCIMENTO.                                                                                                                                                                                                         05121700000000000000512170000000000000       0090339900006270296175121713000090
100000000000000000000009033990000627000000000000000000000000010002020065584112171500000000002            2  01655841121724121700000001268840000000001N051217000000000000000000000000000000000000000000000000000000000000000100065584147834JOAQUIM DA COSTA MACHADO NETO           RUA SERTANISTA FRANCISCO MEIRELIS - 439             11703460                                                            000092
2SR. CAIXA, APOS O VENCIMENTO COBRAR 2% DE MULTA                                 NAO RECEBER APOS 30 DIAS DO VENCIMENTO.                                                                                                                                                                                                         05121700000000000000512170000000000000       0090339900006270655841121715000093
100000000000000000000009033990000627000000000000000000000000010002020001616912171700000000002            2  01016169121724121700000002231540000000001N051217000000000000000000000000000000000000000000000000000000000000000100001616913827CLAUDIO LUIZ PAULELLA                   PRACA NESTOR DOS SANTOS ARRUDA - 26 - VI            13920000                                                            000095
2SR. CAIXA, APOS O VENCIMENTO COBRAR 2% DE MULTA                                 NAO RECEBER APOS 30 DIAS DO VENCIMENTO.                                                                                                                                                                                                         05121700000000000000512170000000000000       0090339900006270016169121717000096
100000000000000000000009033990000627000000000000000000000000010002020006684612171800000000002            2  01066846121726121700000001676880000000001N051217000000000000000000000000000000000000000000000000000000000000000100006684623884LAUDINOR VIEIRA GARCIA                  RUA CANDIDO SALES - 374 - JARDIM PRESIDE            07172000                                                            000098
2SR. CAIXA, APOS O VENCIMENTO COBRAR 2% DE MULTA                                 NAO RECEBER APOS 30 DIAS DO VENCIMENTO.                                                                                                                                                                                                         05121700000000000000512170000000000000       0090339900006270066846121718000099
9                                                                                                                                                                                                                                                                                                                                                                                                         000100