01REMESSA01COBRANCA       00000000000005623874H B SANTOS CONSTRUTORA E INCOR237BRADESCO       010724        MX0000019                                                                                                                                                                                                                                                                                     000001
100000000000000000000009033990001086300000000000000000000000010002020087902707241500000000002            2  01879027072410072400000003518870000000001N010724000000000000000000000000000000000000000000000000000000000000000100087902737887WAGNER CERQUEIRA VILA NOVA              RUA JOAQUIM FERREIRA - 124 AP.211 T.01 -            05033080                                                            000002
2SR. CAIXA, APOS O VENCIMENTO COBRAR 2% DE MULTA                                 NAO RECEBER APOS 30 DIAS DO VENCIMENTO.                                                                                                                                                                                                         01072400000000000000107240000000000000       0090339900010863879027072415000003
100000000000000000000009033990001086300000000000000000000000010002020015095607241100000000002            2  01150956072410072400000003270230000000001N010724000000000000000000000000000000000000000000000000000000000000000100015095698803MARCOS CESAR SOUZA SENA                 RUA SALVADOR PELUSO BASILE - 381 - JARDI            06755010                                                            000005
2SR. CAIXA, APOS O VENCIMENTO COBRAR 2% DE MULTA                                 NAO RECEBER APOS 30 DIAS DO VENCIMENTO.                                                                                                                                                                                                         01072400000000000000107240000000000000       0090339900010863150956072411000006
100000000000000000000009033990001086300000000000000000000000010002020011947907241800000000002            2  01119479072410072400000016035040000000001N010724000000000000000000000000000000000000000000000000000000000000000100011947951882DECIO VITORINO DOS SANTOS               RUA GREGORIA DE FREGEL - 380 AP.21 BL24             09811430                                                            000008
2SR. CAIXA, APOS O VENCIMENTO COBRAR 2% DE MULTA                                 NAO RECEBER APOS 30 DIAS DO VENCIMENTO.                                                                                                                                                                                                         01072400000000000000107240000000000000       0090339900010863119479072418000009
100000000000000000000009033990001086300000000000000000000000010002020011947907242600000000002            2  01119479072410072400000003205570000000001N010724000000000000000000000000000000000000000000000000000000000000000100011947951882DECIO VITORINO DOS SANTOS               RUA GREGORIA DE FREGEL - 380 AP.21 BL24             09811430                                                            000011
2SR. CAIXA, APOS O VENCIMENTO COBRAR 2% DE MULTA                                 NAO RECEBER APOS 30 DIAS DO VENCIMENTO.                                                                                                                                                                                                         01072400000000000000107240000000000000       0090339900010863119479072426000012
100000000000000000000009033990001086300000000000000000000000010002020000181207241100000000002            2  01001812072410072400000002882540000000001N010724000000000000000000000000000000000000000000000000000000000000000100000181223023DARLIN SANTA CATARINA                   RUA S-13 QUADRA 60 LR 08 - 750 - SETOR S            77425090                                                            000014
2SR. CAIXA, APOS O VENCIMENTO COBRAR 2% DE MULTA                                 NAO RECEBER APOS 30 DIAS DO VENCIMENTO.                                                                                                                                                                                                         01072400000000000000107240000000000000       0090339900010863001812072411000015
100000000000000000000009033990001086300000000000000000000000010002020034311707241700000000002            2  01343117072410072400000003363020000000001N010724000000000000000000000000000000000000000000000000000000000000000100034311774842RAFAEL MARCOS SOUSA                     RUA AGUA BRANCA - 270 - JARDIM RUY BARBO            13219120                                                            000017
2SR. CAIXA, APOS O VENCIMENTO COBRAR 2% DE MULTA                                 NAO RECEBER APOS 30 DIAS DO VENCIMENTO.                                                                                                                                                                                                         01072400000000000000107240000000000000       0090339900010863343117072417000018
100000000000000000000009033990001086300000000000000000000000010002020035839607241000000000002            2  01358396072410072400000003347310000000001N010724000000000000000000000000000000000000000000000000000000000000000100035839657875JUNIOR SILVA TEODORO DOS SANTOS         RUA ARMANDO DE SALLES OLIVEIRA - 123 AP.            11510020                                                            000020
2SR. CAIXA, APOS O VENCIMENTO COBRAR 2% DE MULTA                                 NAO RECEBER APOS 30 DIAS DO VENCIMENTO.                                                                                                                                                                                                         01072400000000000000107240000000000000       0090339900010863358396072410000021
100000000000000000000009033990001086300000000000000000000000010002020030898207241400000000002            2  01308982072410072400000003054040000000001N010724000000000000000000000000000000000000000000000000000000000000000100030898241839LUIZ DANIEL CANNITO                     RUA FOZ DO DOURO - 195 CASA 01 - JARDIM             03924080                                                            000023
2SR. CAIXA, APOS O VENCIMENTO COBRAR 2% DE MULTA                                 NAO RECEBER APOS 30 DIAS DO VENCIMENTO.                                                                                                                                                                                                         01072400000000000000107240000000000000       0090339900010863308982072414000024
100000000000000000000009033990001086300000000000000000000000010002020018433907241400000000002            2  01184339072410072400000003259700000000001N010724000000000000000000000000000000000000000000000000000000000000000100018433908847TELMA CRISTIANY DE CAMPOS               AVENIDA MARECHAL MAURICIO JOSE CARDOSO -            11700140                                                            000026
2SR. CAIXA, APOS O VENCIMENTO COBRAR 2% DE MULTA                                 NAO RECEBER APOS 30 DIAS DO VENCIMENTO.                                                                                                                                                                                                         01072400000000000000107240000000000000       0090339900010863184339072414000027
100000000000000000000009033990001086300000000000000000000000010002020001803107241600000000002            2  01018031072410072400000002974840000000001N010724000000000000000000000000000000000000000000000000000000000000000100001803106824MAGNA FLORA CALIS                       RUA DOS EXPEDICIONARIOS - 59 AP.13 - CAN            11700750                                                            000029
2SR. CAIXA, APOS O VENCIMENTO COBRAR 2% DE MULTA                                 NAO RECEBER APOS 30 DIAS DO VENCIMENTO.                                                                                                                                                                                                         01072400000000000000107240000000000000       0090339900010863018031072416000030
100000000000000000000009033990001086300000000000000000000000010002020026327307241500000000002            2  01263273072410072400000003194760000000001N010724000000000000000000000000000000000000000000000000000000000000000100026327304818GEANICE BARBOSA DA SILVA                RUA FLAMENGO - 77 - VILA GUILHERMINA - P            11701540                                                            000032
2SR. CAIXA, APOS O VENCIMENTO COBRAR 2% DE MULTA                                 NAO RECEBER APOS 30 DIAS DO VENCIMENTO.                                                                                                                                                                                                         01072400000000000000107240000000000000       0090339900010863263273072415000033
100000000000000000000009033990001086300000000000000000000000010002020008732207241500000000002            2  01087322072410072400000002889950000000001N010724000000000000000000000000000000000000000000000000000000000000000100008732244851JOSENILTON SOUSA DE OLIVEIRA            RUA GENERAL ISIDORO DIAS LOPES - 456 - B            08561410                                                            000035
2SR. CAIXA, APOS O VENCIMENTO COBRAR 2% DE MULTA                                 NAO RECEBER APOS 30 DIAS DO VENCIMENTO.                                                                                                                                                                                                         01072400000000000000107240000000000000       0090339900010863087322072415000036
100000000000000000000009033990001086300000000000000000000000010002020017372407241500000000002            2  01173724072410072400000003105370000000001N010724000000000000000000000000000000000000000000000000000000000000000100017372408822EDUARDO PEREIRA DA SILVA                AVENIDA PARIS - 587 - BOQUEIRAO - PRAIA             11700080                                                            000038
2SR. CAIXA, APOS O VENCIMENTO COBRAR 2% DE MULTA                                 NAO RECEBER APOS 30 DIAS DO VENCIMENTO.                                                                                                                                                                                                         01072400000000000000107240000000000000       0090339900010863173724072415000039
100000000000000000000009033990001086300000000000000000000000010002020003979207241700000000002            2  01039792072410072400000002886620000000001N010724000000000000000000000000000000000000000000000000000000000000000100003979280845JORGE LUIZ PARRA MORENO                 AVENIDA ALZIRA DE JESUS DA SILVA - 230 -            15061719                                                            000041
2SR. CAIXA, APOS O VENCIMENTO COBRAR 2% DE MULTA                                 NAO RECEBER APOS 30 DIAS DO VENCIMENTO.                                                                                                                                                                                                         01072400000000000000107240000000000000       0090339900010863039792072417000042
100000000000000000000009033990001086300000000000000000000000010002020026980307241P00000000002            2  01269803072410072400000002641770000000001N010724000000000000000000000000000000000000000000000000000000000000000100026980385860DENISE CAMPOS MORALES GABRIEL           RUA QUINCIO PEIRAO - 27 AP.13 - PONTA DA            11030040                                                            000044
2SR. CAIXA, APOS O VENCIMENTO COBRAR 2% DE MULTA                                 NAO RECEBER APOS 30 DIAS DO VENCIMENTO.                                                                                                                                                                                                         01072400000000000000107240000000000000       009033990001086326980307241P000045
100000000000000000000009033990001086300000000000000000000000010002020034263807241700000000002            2  01342638072410072400000003346510000000001N010724000000000000000000000000000000000000000000000000000000000000000100034263879805LARISSA FERREIRA NONATO                 RUA HEIZO NAKANO - 65 CASA 71 - BAIRRO J            09811370                                                            000047
2SR. CAIXA, APOS O VENCIMENTO COBRAR 2% DE MULTA                                 NAO RECEBER APOS 30 DIAS DO VENCIMENTO.                                                                                                                                                                                                         01072400000000000000107240000000000000       0090339900010863342638072417000048
100000000000000000000009033990001086300000000000000000000000010002020025388007241000000000002            2  01253880072410072400000003097080000000001N010724000000000000000000000000000000000000000000000000000000000000000100025388047873DANIEL DA SILVA FERNANDES               AVENIDA PRESIDENTE CASTELO BRANCO - 4772            11702705                                                            000050
2SR. CAIXA, APOS O VENCIMENTO COBRAR 2% DE MULTA                                 NAO RECEBER APOS 30 DIAS DO VENCIMENTO.                                                                                                                                                                                                         01072400000000000000107240000000000000       0090339900010863253880072410000051
100000000000000000000009033990001086300000000000000000000000010002020035778007241300000000002            2  01357780072410072400000003080390000000001N010724000000000000000000000000000000000000000000000000000000000000000100035778038860BRUNA QUEIROZ MENDES                    RUA JOSE DA SILVA XAVIER - 91 - PARQUE S            11365260                                                            000053
2SR. CAIXA, APOS O VENCIMENTO COBRAR 2% DE MULTA                                 NAO RECEBER APOS 30 DIAS DO VENCIMENTO.                                                                                                                                                                                                         01072400000000000000107240000000000000       0090339900010863357780072413000054
100000000000000000000009033990001086300000000000000000000000010002020038699007241600000000002            2  01386990072410072400000003501580000000001N010724000000000000000000000000000000000000000000000000000000000000000100038699045859ALAN DE LIMA                            ALAMEDA TTE JOSE BERNARDINO - 1335 - JAR            08671020                                                            000056
2SR. CAIXA, APOS O VENCIMENTO COBRAR 2% DE MULTA                                 NAO RECEBER APOS 30 DIAS DO VENCIMENTO.                                                                                                                                                                                                         01072400000000000000107240000000000000       0090339900010863386990072416000057
100000000000000000000009033990001086300000000000000000000000010002020015344907241700000000002            2  01153449072410072400000002368890000000001N010724000000000000000000000000000000000000000000000000000000000000000100015344993854MAURICIO MENDES RODRIGUES               RUA SAO PAULO - 2.297 AP.86 - BAIRRO SAN            09541100                                                            000059
2SR. CAIXA, APOS O VENCIMENTO COBRAR 2% DE MULTA                                 NAO RECEBER APOS 30 DIAS DO VENCIMENTO.                                                                                                                                                                                                         01072400000000000000107240000000000000       0090339900010863153449072417000060
100000000000000000000009033990001086300000000000000000000000010002020010371907241700000000002            2  01103719072410072400000003312960000000001N010724000000000000000000000000000000000000000000000000000000000000000100010371903866ANDREA VILELLA VITORINO                 RUA CORONEL JORDAO - 479 CASA 2 - BAIRRO            02075030                                                            000062
2SR. CAIXA, APOS O VENCIMENTO COBRAR 2% DE MULTA                                 NAO RECEBER APOS 30 DIAS DO VENCIMENTO.                                                                                                                                                                                                         01072400000000000000107240000000000000       0090339900010863103719072417000063
100000000000000000000009033990001086300000000000000000000000010002020090102907241800000000002            2  01901029072410072400000002619240000000001N010724000000000000000000000000000000000000000000000000000000000000000100090102983887JERONYMO MOREIRA NERY NETO              AVENIDA PRESIDENTE CASTELO BRANCO - 3.70            11702700                                                            000065
2SR. CAIXA, APOS O VENCIMENTO COBRAR 2% DE MULTA                                 NAO RECEBER APOS 30 DIAS DO VENCIMENTO.                                                                                                                                                                                                         01072400000000000000107240000000000000       0090339900010863901029072418000066
100000000000000000000009033990001086300000000000000000000000010002020038609907241300000000002            2  01386099072410072400000003296460000000001N010724000000000000000000000000000000000000000000000000000000000000000100038609977854RODRIGO CACCAOS CUBINHETZ               RUA MANUEL DO COUTO REIS - 39 - JARDIM I            03153080                                                            000068
2SR. CAIXA, APOS O VENCIMENTO COBRAR 2% DE MULTA                                 NAO RECEBER APOS 30 DIAS DO VENCIMENTO.                                                                                                                                                                                                         01072400000000000000107240000000000000       0090339900010863386099072413000069
100000000000000000000009033990001086300000000000000000000000010002020001820007241200000000002            2  01018200072410072400000002855020000000001N010724000000000000000000000000000000000000000000000000000000000000000100001820082822JOSE MANUEL ALEGRE DA SILVA E SOUSA     AVENIDA MARECHAL MAURICIO JOSE CARDOSO -            11700140                                                            000071
2SR. CAIXA, APOS O VENCIMENTO COBRAR 2% DE MULTA                                 NAO RECEBER APOS 30 DIAS DO VENCIMENTO.                                                                                                                                                                                                         01072400000000000000107240000000000000       0090339900010863018200072412000072
100000000000000000000009033990001086300000000000000000000000010002020003439907241100000000002            2  01034399072410072400000002565770000000001N010724000000000000000000000000000000000000000000000000000000000000000100003439966852BEN HUR FREDI                           RUA VICENTA ROBLES - 177 - JARDIM ADRIAN            07135300                                                            000074
2SR. CAIXA, APOS O VENCIMENTO COBRAR 2% DE MULTA                                 NAO RECEBER APOS 30 DIAS DO VENCIMENTO.                                                                                                                                                                                                         01072400000000000000107240000000000000       0090339900010863034399072411000075
100000000000000000000009033990001086300000000000000000000000010002020042595307241P00000000002            2  01425953072410072400000002962550000000001N010724000000000000000000000000000000000000000000000000000000000000000100042595369822CAIO RODRIGUES CORREIA DE ARAUJO        TRAVESSA JULIO CESAR MONTE VERDI - 83 -             02072005                                                            000077
2SR. CAIXA, APOS O VENCIMENTO COBRAR 2% DE MULTA                                 NAO RECEBER APOS 30 DIAS DO VENCIMENTO.                                                                                                                                                                                                         01072400000000000000107240000000000000       009033990001086342595307241P000078
9                                                                                                                                                                                                                                                                                                                                                                                                         000079