01REMESSA01COBRANCA       00000000000008017025HB SANTOS CONSTRUTORA E INCORP237BRADESCO       010419        MX0000076                                                                                                                                                                                                                                                                                     000001
100000000000000000000009033990000627000000000000000000000000010002020029671504191900000000002            2  01296715041909041900000002439220000000001N010419000000000000000000000000000000000000000000000000000000000000000100029671526845ROGERIO CONSENTINO                      RUA CARLOS MAZER  - 678 - VILA CARMOSINA            08290700                                                            000002
2SR. CAIXA, APOS O VENCIMENTO COBRAR 2% DE MULTA                                 NAO RECEBER APOS 30 DIAS DO VENCIMENTO.                                                                                                                                                                                                         01041900000000000000104190000000000000       0090339900006270296715041919000003
100000000000000000000009033990000627000000000000000000000000010002020003863004191000000000002            2  01038630041909041900000002304050000000001N010419000000000000000000000000000000000000000000000000000000000000000100003863075803HERALDO MENQUINI                        RUA CARLOS JOSE BORSTENS - 50 AP.15 - AV            11702750                                                            000005
2SR. CAIXA, APOS O VENCIMENTO COBRAR 2% DE MULTA                                 NAO RECEBER APOS 30 DIAS DO VENCIMENTO.                                                                                                                                                                                                         01041900000000000000104190000000000000       0090339900006270038630041910000006
100000000000000000000009033990000627000000000000000000000000010002020029028404191800000000002            2  01290284041909041900000002360270000000001N010419000000000000000000000000000000000000000000000000000000000000000100029028478825LEONARDO LOUZADA                        RUA ILHEUS - QUADRA 31 - 244 - BAIRRO CE            19274000                                                            000008
2SR. CAIXA, APOS O VENCIMENTO COBRAR 2% DE MULTA                                 NAO RECEBER APOS 30 DIAS DO VENCIMENTO.                                                                                                                                                                                                         01041900000000000000104190000000000000       0090339900006270290284041918000009
100000000000000000000009033990000627000000000000000000000000010002020032878504191500000000002            2  01328785041909041900000003411050000000001N010419000000000000000000000000000000000000000000000000000000000000000100032878512847LEONARDO MOURA MONIZ CALDEIRA           RUA BALSA - 682 AP.134 T.02 - VILA ARCAD            02910000                                                            000011
2SR. CAIXA, APOS O VENCIMENTO COBRAR 2% DE MULTA                                 NAO RECEBER APOS 30 DIAS DO VENCIMENTO.                                                                                                                                                                                                         01041900000000000000104190000000000000       0090339900006270328785041915000012
100000000000000000000009033990000627000000000000000000000000010002020016479004191200000000002            2  01164790041909041900000003628740000000001N010419000000000000000000000000000000000000000000000000000000000000000100016479002806LOURDES PEREIRA DE QUEIROZ SECANECHIA   RUA PAULINO CURSI - 437 - CIDADE SAO MAT            03960060                                                            000014
2SR. CAIXA, APOS O VENCIMENTO COBRAR 2% DE MULTA                                 NAO RECEBER APOS 30 DIAS DO VENCIMENTO.                                                                                                                                                                                                         01041900000000000000104190000000000000       0090339900006270164790041912000015
100000000000000000000009033990000627000000000000000000000000010002020019635004191P00000000002            2  01196350041909041900000002677380000000001N010419000000000000000000000000000000000000000000000000000000000000000100019635091885IVAN VIEIRA SILVA                       ABRAO JORGE - 3001 - JARDIM INTEGRACAO -            14405397                                                            000017
2SR. CAIXA, APOS O VENCIMENTO COBRAR 2% DE MULTA                                 NAO RECEBER APOS 30 DIAS DO VENCIMENTO.                                                                                                                                                                                                         01041900000000000000104190000000000000       009033990000627019635004191P000018
100000000000000000000009033990000627000000000000000000000000010002020009361404191P00000000002            2  01093614041909041900000002634470000000001N010419000000000000000000000000000000000000000000000000000000000000000100009361471805JOSE BARBOSA DA SILVA                   RUA ALFREDO INACIO TRINDADE  - 60 AP.44             02344100                                                            000020
2SR. CAIXA, APOS O VENCIMENTO COBRAR 2% DE MULTA                                 NAO RECEBER APOS 30 DIAS DO VENCIMENTO.                                                                                                                                                                                                         01041900000000000000104190000000000000       009033990000627009361404191P000021
100000000000000000000009033990000627000000000000000000000000010002020012756904191300000000002            2  01127569041909041900000002274130000000001N010419000000000000000000000000000000000000000000000000000000000000000100012756959812ITAMAR JUVENAL DIAS DA SILVA            RUA ELISEU REINALDO MORAES VIEIRA - 90 A            02858000                                                            000023
2SR. CAIXA, APOS O VENCIMENTO COBRAR 2% DE MULTA                                 NAO RECEBER APOS 30 DIAS DO VENCIMENTO.                                                                                                                                                                                                         01041900000000000000104190000000000000       0090339900006270127569041913000024
100000000000000000000009033990000627000000000000000000000000010002020002731004191000000000002            2  01027310041909041900000002688630000000001N010419000000000000000000000000000000000000000000000000000000000000000100002731042842VALTER CERQUEIRA VILLA NOVA             RUA MACHADO - 106 - VILA AUGUSTA - GUARU            07025210                                                            000026
2SR. CAIXA, APOS O VENCIMENTO COBRAR 2% DE MULTA                                 NAO RECEBER APOS 30 DIAS DO VENCIMENTO.                                                                                                                                                                                                         01041900000000000000104190000000000000       0090339900006270027310041910000027
100000000000000000000009033990000627000000000000000000000000010002020028802104191900000000002            2  01288021041909041900000002427780000000001N010419000000000000000000000000000000000000000000000000000000000000000100028802158894ELIEL HENRIQUE ZUZA                     RUA CARLOS JOSE BORSTENS - 50 AP.43 - BA            11702750                                                            000029
2SR. CAIXA, APOS O VENCIMENTO COBRAR 2% DE MULTA                                 NAO RECEBER APOS 30 DIAS DO VENCIMENTO.                                                                                                                                                                                                         01041900000000000000104190000000000000       0090339900006270288021041919000030
100000000000000000000009033990000627000000000000000000000000010002020008739104191200000000002            2  01087391041909041900000002270580000000001N010419000000000000000000000000000000000000000000000000000000000000000100008739150895VANGEVALDO BATISTA SANT ANNA            TRAVESSA TOMAZIN - 02 - ERMELINO MATARAZ            03811125                                                            000032
2SR. CAIXA, APOS O VENCIMENTO COBRAR 2% DE MULTA                                 NAO RECEBER APOS 30 DIAS DO VENCIMENTO.                                                                                                                                                                                                         01041900000000000000104190000000000000       0090339900006270087391041912000033
100000000000000000000009033990000627000000000000000000000000010002020005313704191900000000002            2  01053137041911041900000001962460000000001N010419000000000000000000000000000000000000000000000000000000000000000100005313717863EDIMICIO JOSE DE ARAUJO                 PRACA NICOLAU GERAIGIRE - 680 CA A - JAR            11095110                                                            000035
2SR. CAIXA, APOS O VENCIMENTO COBRAR 2% DE MULTA                                 NAO RECEBER APOS 30 DIAS DO VENCIMENTO.                                                                                                                                                                                                         01041900000000000000104190000000000000       0090339900006270053137041919000036
100000000000000000000009033990000627000000000000000000000000010002020029433604191700000000002            2  01294336041911041900000001885250000000001N010419000000000000000000000000000000000000000000000000000000000000000100029433631897MARIO MUNIZ                             AVENIDA PRESIDENTE CASTELO BRANCO - 7328            11704305                                                            000038
2SR. CAIXA, APOS O VENCIMENTO COBRAR 2% DE MULTA                                 NAO RECEBER APOS 30 DIAS DO VENCIMENTO.                                                                                                                                                                                                         01041900000000000000104190000000000000       0090339900006270294336041917000039
100000000000000000000009033990000627000000000000000000000000010002020001847204191500000000002            2  01018472041911041900000001735620000000001N010419000000000000000000000000000000000000000000000000000000000000000100001847204864AMERICA CONCEICAO DA SILVA              RUA CAMINHO DO GUARAMAR - 199 AP.11 BLOC            11721050                                                            000041
2SR. CAIXA, APOS O VENCIMENTO COBRAR 2% DE MULTA                                 NAO RECEBER APOS 30 DIAS DO VENCIMENTO.                                                                                                                                                                                                         01041900000000000000104190000000000000       0090339900006270018472041915000042
100000000000000000000009033990000627000000000000000000000000010002020005029804191P00000000002            2  01050298041909041900000002318620000000001N010419000000000000000000000000000000000000000000000000000000000000000100005029828885LAURINETE DA CONCEICAO DE NORONHA       RUA MARIA LUCIA DE TOLEDO LEITE MORAES -            04434040                                                            000044
2SR. CAIXA, APOS O VENCIMENTO COBRAR 2% DE MULTA                                 NAO RECEBER APOS 30 DIAS DO VENCIMENTO.                                                                                                                                                                                                         01041900000000000000104190000000000000       009033990000627005029804191P000045
100000000000000000000009033990000627000000000000000000000000010002020027682104191900000000002            2  01276821041911041900000001829720000000001N010419000000000000000000000000000000000000000000000000000000000000000100027682175818ALINE TEIXEIRA                          RUA CRUZEIRO DO SUL - 309 - JARDIM BOM P            06385060                                                            000047
2SR. CAIXA, APOS O VENCIMENTO COBRAR 2% DE MULTA                                 NAO RECEBER APOS 30 DIAS DO VENCIMENTO.                                                                                                                                                                                                         01041900000000000000104190000000000000       0090339900006270276821041919000048
100000000000000000000009033990000627000000000000000000000000010002020013388904191100000000002            2  01133889041911041900000001837840000000001N010419000000000000000000000000000000000000000000000000000000000000000100013388936889NEUTON DE SOUZA RAMOS                   RUA MARIA CRISTINA - 932 - JARDIM CASQUE            11533160                                                            000050
2SR. CAIXA, APOS O VENCIMENTO COBRAR 2% DE MULTA                                 NAO RECEBER APOS 30 DIAS DO VENCIMENTO.                                                                                                                                                                                                         01041900000000000000104190000000000000       0090339900006270133889041911000051
100000000000000000000009033990000627000000000000000000000000010002020012774904191100000000002            2  01127749041911041900000001872340000000001N010419000000000000000000000000000000000000000000000000000000000000000100012774906865JOSE MILTON SANTIAGO                    RUA BATATAIS - 47 - CIDADE ESTELA - POA             08563140                                                            000053
2SR. CAIXA, APOS O VENCIMENTO COBRAR 2% DE MULTA                                 NAO RECEBER APOS 30 DIAS DO VENCIMENTO.                                                                                                                                                                                                         01041900000000000000104190000000000000       0090339900006270127749041911000054
100000000000000000000009033990000627000000000000000000000000010002020016294104191700000000002            2  01162941041909041900000002301990000000001N010419000000000000000000000000000000000000000000000000000000000000000100016294119812JURACY FELIX DE ARRUDA                  RUA CARLOS JOSE BORSTENS - 50 AP.23 - AV            11702750                                                            000056
2SR. CAIXA, APOS O VENCIMENTO COBRAR 2% DE MULTA                                 NAO RECEBER APOS 30 DIAS DO VENCIMENTO.                                                                                                                                                                                                         01041900000000000000104190000000000000       0090339900006270162941041917000057
100000000000000000000009033990000627000000000000000000000000010002020005613804191100000000002            2  01056138041911041900000001722030000000001N010419000000000000000000000000000000000000000000000000000000000000000100005613843805NILZA MARIA DE OLIVEIRA                 RUA JOSE GONCALVES DE FREITAS - 66 C2 -             08210550                                                            000059
2SR. CAIXA, APOS O VENCIMENTO COBRAR 2% DE MULTA                                 NAO RECEBER APOS 30 DIAS DO VENCIMENTO.                                                                                                                                                                                                         01041900000000000000104190000000000000       0090339900006270056138041911000060
100000000000000000000009033990000627000000000000000000000000010002020007574904191100000000002            2  01075749041911041900000001767620000000001N010419000000000000000000000000000000000000000000000000000000000000000100007574936889JORGE LUCIANO PEREIRA BORRIELLO         RUA FABIO DE ALMEIDA MAGALHAES - 179 - J            05135370                                                            000062
2SR. CAIXA, APOS O VENCIMENTO COBRAR 2% DE MULTA                                 NAO RECEBER APOS 30 DIAS DO VENCIMENTO.                                                                                                                                                                                                         01041900000000000000104190000000000000       0090339900006270075749041911000063
100000000000000000000009033990000627000000000000000000000000010002020032408104191400000000002            2  01324081041911041900000002034200000000001N010419000000000000000000000000000000000000000000000000000000000000000100032408151848DEILSON DO NASCIMENTO CANDIDO DA SILVA  RUA HEREMITA SANTA DO NASCIMENTO - 37 AP            11345340                                                            000065
2SR. CAIXA, APOS O VENCIMENTO COBRAR 2% DE MULTA                                 NAO RECEBER APOS 30 DIAS DO VENCIMENTO.                                                                                                                                                                                                         01041900000000000000104190000000000000       0090339900006270324081041914000066
100000000000000000000009033990000627000000000000000000000000010002020008214904191400000000002            2  01082149041911041900000001794460000000001N010419000000000000000000000000000000000000000000000000000000000000000100008214973830JAMIL CHALA                             AVENIDA COSTA MACHADO - 291 AP.133-A - C            11700650                                                            000068
2SR. CAIXA, APOS O VENCIMENTO COBRAR 2% DE MULTA                                 NAO RECEBER APOS 30 DIAS DO VENCIMENTO.                                                                                                                                                                                                         01041900000000000000104190000000000000       0090339900006270082149041914000069
100000000000000000000009033990000627000000000000000000000000010002020032495004191100000000002            2  01324950041911041900000002010920000000001N010419000000000000000000000000000000000000000000000000000000000000000100032495004881PAULO EDUARDO DOS SANTOS                RUA REPUBLICA DO IRAQUE - 1119 - CAMPO B            04611002                                                            000071
2SR. CAIXA, APOS O VENCIMENTO COBRAR 2% DE MULTA                                 NAO RECEBER APOS 30 DIAS DO VENCIMENTO.                                                                                                                                                                                                         01041900000000000000104190000000000000       0090339900006270324950041911000072
100000000000000000000009033990000627000000000000000000000000010002020006471804191100000000002            2  01064718041909041900000002266360000000001N010419000000000000000000000000000000000000000000000000000000000000000100006471825803JOSIVALDO BASTOS DE OLIVEIRA            RUA MARIA DIAS HOG - 263 - PARQUE CONTIN            07085035                                                            000074
2SR. CAIXA, APOS O VENCIMENTO COBRAR 2% DE MULTA                                 NAO RECEBER APOS 30 DIAS DO VENCIMENTO.                                                                                                                                                                                                         01041900000000000000104190000000000000       0090339900006270064718041911000075
100000000000000000000009033990000627000000000000000000000000010002020038856804191800000000002            2  01388568041911041900000001864170000000001N010419000000000000000000000000000000000000000000000000000000000000000100038856851830FELIPE BIANCHI DA COSTA FREITAS         RUA JOSE CALIXTO DO CARMO - 286 AP.23 -             11702690                                                            000077
2SR. CAIXA, APOS O VENCIMENTO COBRAR 2% DE MULTA                                 NAO RECEBER APOS 30 DIAS DO VENCIMENTO.                                                                                                                                                                                                         01041900000000000000104190000000000000       0090339900006270388568041918000078
100000000000000000000009033990000627000000000000000000000000010002020016498004191900000000002            2  01164980041911041900000001763610000000001N010419000000000000000000000000000000000000000000000000000000000000000100016498053810GILMA CEZARIO GARCIA CORRITORI          RUA LAURENTINO XAVIER DOS SANTOS - 336 -            08240740                                                            000080
2SR. CAIXA, APOS O VENCIMENTO COBRAR 2% DE MULTA                                 NAO RECEBER APOS 30 DIAS DO VENCIMENTO.                                                                                                                                                                                                         01041900000000000000104190000000000000       0090339900006270164980041919000081
100000000000000000000009033990000627000000000000000000000000010002020029339004191800000000002            2  01293390041911041900000001885900000000001N010419000000000000000000000000000000000000000000000000000000000000000100029339051831RONALD DIDOFF                           RUA CORONEL FERREIRA BRAGA - 188 - VILA             03522010                                                            000083
2SR. CAIXA, APOS O VENCIMENTO COBRAR 2% DE MULTA                                 NAO RECEBER APOS 30 DIAS DO VENCIMENTO.                                                                                                                                                                                                         01041900000000000000104190000000000000       0090339900006270293390041918000084
100000000000000000000009033990000627000000000000000000000000010002020017357804191P00000000002            2  01173578041911041900000001997330000000001N010419000000000000000000000000000000000000000000000000000000000000000100017357859894MARCIO GUIMARAES                        RUA GENERAL CAMARA - 188 SALA 11 - CENTR            11010120                                                            000086
2SR. CAIXA, APOS O VENCIMENTO COBRAR 2% DE MULTA                                 NAO RECEBER APOS 30 DIAS DO VENCIMENTO.                                                                                                                                                                                                         01041900000000000000104190000000000000       009033990000627017357804191P000087
100000000000000000000009033990000627000000000000000000000000010002020010563004191P00000000002            2  01105630041911041900000002048380000000001N010419000000000000000000000000000000000000000000000000000000000000000100010563033878VERA LUCIA RIBEIRO LONGANEZI            RUA DOS CAMARES - 150 AP.24 BL.02 - CARA            02068030                                                            000089
2SR. CAIXA, APOS O VENCIMENTO COBRAR 2% DE MULTA                                 NAO RECEBER APOS 30 DIAS DO VENCIMENTO.                                                                                                                                                                                                         01041900000000000000104190000000000000       009033990000627010563004191P000090
100000000000000000000009033990000627000000000000000000000000010002020005529604191400000000002            2  01055296041911041900000001858830000000001N010419000000000000000000000000000000000000000000000000000000000000000100005529616801JOAQUIM JORGE DA COSTA                  RUA CONEGO XAVIER - 13 - SACOMA - SAO PA            04231030                                                            000092
2SR. CAIXA, APOS O VENCIMENTO COBRAR 2% DE MULTA                                 NAO RECEBER APOS 30 DIAS DO VENCIMENTO.                                                                                                                                                                                                         01041900000000000000104190000000000000       0090339900006270055296041914000093
100000000000000000000009033990000627000000000000000000000000010002020022014104191900000000002            2  01220141041911041900000001853410000000001N010419000000000000000000000000000000000000000000000000000000000000000100022014140847CAMILA SILVEIRA CANIZARES               AVENIDA PRESIDENTE CASTELO BRANCO - 5.74            11703650                                                            000095
2SR. CAIXA, APOS O VENCIMENTO COBRAR 2% DE MULTA                                 NAO RECEBER APOS 30 DIAS DO VENCIMENTO.                                                                                                                                                                                                         01041900000000000000104190000000000000       0090339900006270220141041919000096
100000000000000000000009033990000627000000000000000000000000010002020022014104192700000000002            2  01220141041911041900000001853410000000001N010419000000000000000000000000000000000000000000000000000000000000000100022014140847CAMILA SILVEIRA CANIZARES               AVENIDA PRESIDENTE CASTELO BRANCO - 5.74            11703650                                                            000098
2SR. CAIXA, APOS O VENCIMENTO COBRAR 2% DE MULTA                                 NAO RECEBER APOS 30 DIAS DO VENCIMENTO.                                                                                                                                                                                                         01041900000000000000104190000000000000       0090339900006270220141041927000099
100000000000000000000009033990000627000000000000000000000000010002020015550704191000000000002            2  01155507041909041900000001757500000000001N010419000000000000000000000000000000000000000000000000000000000000000100015550706806MARY MIWA                               RUA CARLOS JOSE BORSTENS - 50 AP.105 - A            11702750                                                            000101
2SR. CAIXA, APOS O VENCIMENTO COBRAR 2% DE MULTA                                 NAO RECEBER APOS 30 DIAS DO VENCIMENTO.                                                                                                                                                                                                         01041900000000000000104190000000000000       0090339900006270155507041910000102
100000000000000000000009033990000627000000000000000000000000010002020015464604191000000000002            2  01154646041911041900000001954060000000001N010419000000000000000000000000000000000000000000000000000000000000000100015464647864SONIA TERESA VOLPATO                    RUA PEDRO BADRA - 51 AP.73 - JABAQUARA -            04348090                                                            000104
2SR. CAIXA, APOS O VENCIMENTO COBRAR 2% DE MULTA                                 NAO RECEBER APOS 30 DIAS DO VENCIMENTO.                                                                                                                                                                                                         01041900000000000000104190000000000000       0090339900006270154646041910000105
100000000000000000000009033990000627000000000000000000000000010002020008657804191P00000000002            2  01086578041911041900000001934450000000001N010419000000000000000000000000000000000000000000000000000000000000000100008657886855ARLINDO DA CRUZ                         AVENIDA ARICANDUVA - 8.256 AP.54 BL.10 -            03951220                                                            000107
2SR. CAIXA, APOS O VENCIMENTO COBRAR 2% DE MULTA                                 NAO RECEBER APOS 30 DIAS DO VENCIMENTO.                                                                                                                                                                                                         01041900000000000000104190000000000000       009033990000627008657804191P000108
100000000000000000000009033990000627000000000000000000000000010002020004265704191P00000000002            2  01042657041909041900000002589640000000001N010419000000000000000000000000000000000000000000000000000000000000000100004265781713ALEXANDRE CASADO COSTA                  RUA CARLOS JOSE BORSTENS - 50 AP.33 - AV            11702750                                                            000110
2SR. CAIXA, APOS O VENCIMENTO COBRAR 2% DE MULTA                                 NAO RECEBER APOS 30 DIAS DO VENCIMENTO.                                                                                                                                                                                                         01041900000000000000104190000000000000       009033990000627004265704191P000111
100000000000000000000009033990000627000000000000000000000000010002020059735104191800000000002            2  01597351041909041900000001093800000000001N010419000000000000000000000000000000000000000000000000000000000000000100059735180863HELIO JOSE MARQUES                      RUA MARTIM AFONSO DE SOUZA - 1007 AP.102            11702790                                                            000113
2SR. CAIXA, APOS O VENCIMENTO COBRAR 2% DE MULTA                                 NAO RECEBER APOS 30 DIAS DO VENCIMENTO.                                                                                                                                                                                                         01041900000000000000104190000000000000       0090339900006270597351041918000114
100000000000000000000009033990000627000000000000000000000000010002020026347804191100000000002            2  01263478041911041900000002067890000000001N010419000000000000000000000000000000000000000000000000000000000000000100026347872862VALDECI SILVA MEIRELES                  RUA JOSE BATISTA DA SILVA - 292 - JARDIM            06851470                                                            000116
2SR. CAIXA, APOS O VENCIMENTO COBRAR 2% DE MULTA                                 NAO RECEBER APOS 30 DIAS DO VENCIMENTO.                                                                                                                                                                                                         01041900000000000000104190000000000000       0090339900006270263478041911000117
100000000000000000000009033990000627000000000000000000000000010002020025443604191200000000002            2  01254436041909041900000003746050000000001N010419000000000000000000000000000000000000000000000000000000000000000100025443691830SILVANETE PEREIRA CARNELOS              RUA CARLOS JOSE BORSTENS - 50 AP.102 - A            11702750                                                            000119
2SR. CAIXA, APOS O VENCIMENTO COBRAR 2% DE MULTA                                 NAO RECEBER APOS 30 DIAS DO VENCIMENTO.                                                                                                                                                                                                         01041900000000000000104190000000000000       0090339900006270254436041912000120
100000000000000000000009033990000627000000000000000000000000010002020013135204191200000000002            2  01131352041911041900000001899880000000001N010419000000000000000000000000000000000000000000000000000000000000000100013135261859EDUARDO ZANOLA                          RUA ROLANDO PIETRO BONINI - 46 - JARDIM             09781040                                                            000122
2SR. CAIXA, APOS O VENCIMENTO COBRAR 2% DE MULTA                                 NAO RECEBER APOS 30 DIAS DO VENCIMENTO.                                                                                                                                                                                                         01041900000000000000104190000000000000       0090339900006270131352041912000123
100000000000000000000009033990000627000000000000000000000000010002020009797604191300000000002            2  01097976041911041900000001850280000000001N010419000000000000000000000000000000000000000000000000000000000000000100009797626857RICARDO SOBRAL DE OLIVEIRA              RUA 23 DE MAIO - 139 AP.32 - VILA MIRIM             11704690                                                            000125
2SR. CAIXA, APOS O VENCIMENTO COBRAR 2% DE MULTA                                 NAO RECEBER APOS 30 DIAS DO VENCIMENTO.                                                                                                                                                                                                         01041900000000000000104190000000000000       0090339900006270097976041913000126
100000000000000000000009033990000627000000000000000000000000010002020004767604191400000000002            2  01047676041909041900000003163930000000001N010419000000000000000000000000000000000000000000000000000000000000000100004767679893ORLANDO GRANDE FILHO                    RUA ORLANDO MIGLIARI - 101 - JARDIM OURO            19906140                                                            000128
2SR. CAIXA, APOS O VENCIMENTO COBRAR 2% DE MULTA                                 NAO RECEBER APOS 30 DIAS DO VENCIMENTO.                                                                                                                                                                                                         01041900000000000000104190000000000000       0090339900006270047676041914000129
100000000000000000000009033990000627000000000000000000000000010002020006512504191100000000002            2  01065125041911041900000001664410000000001N010419000000000000000000000000000000000000000000000000000000000000000100006512547870MARIA DO CARMO FAGUNDES DOS REIS        RUA CARLOS MALCHER - 98 - PARQUE EDU CHA            02232020                                                            000131
2SR. CAIXA, APOS O VENCIMENTO COBRAR 2% DE MULTA                                 NAO RECEBER APOS 30 DIAS DO VENCIMENTO.                                                                                                                                                                                                         01041900000000000000104190000000000000       0090339900006270065125041911000132
100000000000000000000009033990000627000000000000000000000000010002020022728404191400000000002            2  01227284041911041900000002002110000000001N010419000000000000000000000000000000000000000000000000000000000000000100022728497842WILLIAN DE SOUZA MELLO                  RUA PEDRO AMERICO - 208 AP.42 BL.B - CAM            11075401                                                            000134
2SR. CAIXA, APOS O VENCIMENTO COBRAR 2% DE MULTA                                 NAO RECEBER APOS 30 DIAS DO VENCIMENTO.                                                                                                                                                                                                         01041900000000000000104190000000000000       0090339900006270227284041914000135
100000000000000000000009033990000627000000000000000000000000010002020016909704191900000000002            2  01169097041911041900000001769250000000001N010419000000000000000000000000000000000000000000000000000000000000000100016909746805EDIVALDO SANTANA DOS SANTOS             ESTRADA JOAO GASPAR DELGADO - 80 AP.213             08536100                                                            000137
2SR. CAIXA, APOS O VENCIMENTO COBRAR 2% DE MULTA                                 NAO RECEBER APOS 30 DIAS DO VENCIMENTO.                                                                                                                                                                                                         01041900000000000000104190000000000000       0090339900006270169097041919000138
100000000000000000000009033990000627000000000000000000000000010002020022036004191600000000002            2  01220360041909041900000002747440000000001N010419000000000000000000000000000000000000000000000000000000000000000100022036003818DERLIS TERAN QUIROGA ROGATO             RUA JOAO RIBEIRO - 709 AP.61 - CAMPESTRE            09070250                                                            000140
2SR. CAIXA, APOS O VENCIMENTO COBRAR 2% DE MULTA                                 NAO RECEBER APOS 30 DIAS DO VENCIMENTO.                                                                                                                                                                                                         01041900000000000000104190000000000000       0090339900006270220360041916000141
9                                                                                                                                                                                                                                                                                                                                                                                                         000142