01REMESSA01COBRANCA       00000000000008017025HB SANTOS CONSTRUTORA E INCORP237BRADESCO       010618        MX0000056                                                                                                                                                                                                                                                                                     000001
100000000000000000000009033990000627000000000000000000000000010002020029671506181200000000002            2  01296715061809061800000002263610000000001N010618000000000000000000000000000000000000000000000000000000000000000100029671526845ROGERIO CONSENTINO                      RUA CARLOS MAZER  - 678 - VILA CARMOSINA            08290700                                                            000002
2SR. CAIXA, APOS O VENCIMENTO COBRAR 2% DE MULTA                                 NAO RECEBER APOS 30 DIAS DO VENCIMENTO.                                                                                                                                                                                                         01061800000000000000106180000000000000       0090339900006270296715061812000003
100000000000000000000009033990000627000000000000000000000000010002020003863006181400000000002            2  01038630061809061800000002138160000000001N010618000000000000000000000000000000000000000000000000000000000000000100003863075803HERALDO MENQUINI                        RUA OCEANICA AMABILE - 346 AP.415 - CIDA            11704420                                                            000005
2SR. CAIXA, APOS O VENCIMENTO COBRAR 2% DE MULTA                                 NAO RECEBER APOS 30 DIAS DO VENCIMENTO.                                                                                                                                                                                                         01061800000000000000106180000000000000       0090339900006270038630061814000006
100000000000000000000009033990000627000000000000000000000000010002020013135206181600000000002            2  01131352061809061800000002615130000000001N010618000000000000000000000000000000000000000000000000000000000000000100013135261859EDUARDO ZANOLA                          RUA ROLANDO PIETRO BONINI - 46 - JARDIM             09781040                                                            000008
2SR. CAIXA, APOS O VENCIMENTO COBRAR 2% DE MULTA                                 NAO RECEBER APOS 30 DIAS DO VENCIMENTO.                                                                                                                                                                                                         01061800000000000000106180000000000000       0090339900006270131352061816000009
100000000000000000000009033990000627000000000000000000000000010002020029028406181100000000002            2  01290284061809061800000002190340000000001N010618000000000000000000000000000000000000000000000000000000000000000100029028478825LEONARDO LOUZADA                        RUA ILHEUS - QUADRA 31 - 244 - BAIRRO CE            19274000                                                            000011
2SR. CAIXA, APOS O VENCIMENTO COBRAR 2% DE MULTA                                 NAO RECEBER APOS 30 DIAS DO VENCIMENTO.                                                                                                                                                                                                         01061800000000000000106180000000000000       0090339900006270290284061811000012
100000000000000000000009033990000627000000000000000000000000010002020032878506181900000000002            2  01328785061809061800000003165470000000001N010618000000000000000000000000000000000000000000000000000000000000000100032878512847LEONARDO MOURA MONIZ CALDEIRA           RUA BALSA - 682 AP.134 T.02 - VILA ARCAD            02910000                                                            000014
2SR. CAIXA, APOS O VENCIMENTO COBRAR 2% DE MULTA                                 NAO RECEBER APOS 30 DIAS DO VENCIMENTO.                                                                                                                                                                                                         01061800000000000000106180000000000000       0090339900006270328785061819000015
100000000000000000000009033990000627000000000000000000000000010002020016479006181600000000002            2  01164790061809061800000003367480000000001N010618000000000000000000000000000000000000000000000000000000000000000100016479002806LOURDES PEREIRA DE QUEIROZ SECANECHIA   RUA PAULINO CURSI - 437 - CIDADE SAO MAT            03960060                                                            000017
2SR. CAIXA, APOS O VENCIMENTO COBRAR 2% DE MULTA                                 NAO RECEBER APOS 30 DIAS DO VENCIMENTO.                                                                                                                                                                                                         01061800000000000000106180000000000000       0090339900006270164790061816000018
100000000000000000000009033990000627000000000000000000000000010002020019635006181300000000002            2  01196350061809061800000002484620000000001N010618000000000000000000000000000000000000000000000000000000000000000100019635091885IVAN VIEIRA SILVA                       ABRAO JORGE - 3001 - JARDIM INTEGRACAO -            14405397                                                            000020
2SR. CAIXA, APOS O VENCIMENTO COBRAR 2% DE MULTA                                 NAO RECEBER APOS 30 DIAS DO VENCIMENTO.                                                                                                                                                                                                         01061800000000000000106180000000000000       0090339900006270196350061813000021
100000000000000000000009033990000627000000000000000000000000010002020009361406181300000000002            2  01093614061809061800000002444800000000001N010618000000000000000000000000000000000000000000000000000000000000000100009361471805JOSE BARBOSA DA SILVA                   RUA ALFREDO INACIO TRINDADE  - 60 AP.44             02344100                                                            000023
2SR. CAIXA, APOS O VENCIMENTO COBRAR 2% DE MULTA                                 NAO RECEBER APOS 30 DIAS DO VENCIMENTO.                                                                                                                                                                                                         01061800000000000000106180000000000000       0090339900006270093614061813000024
100000000000000000000009033990000627000000000000000000000000010002020012756906181700000000002            2  01127569061809061800000002110390000000001N010618000000000000000000000000000000000000000000000000000000000000000100012756959812ITAMAR JUVENAL DIAS DA SILVA            RUA ELISEU REINALDO MORAES VIEIRA - 90 A            02858000                                                            000026
2SR. CAIXA, APOS O VENCIMENTO COBRAR 2% DE MULTA                                 NAO RECEBER APOS 30 DIAS DO VENCIMENTO.                                                                                                                                                                                                         01061800000000000000106180000000000000       0090339900006270127569061817000027
100000000000000000000009033990000627000000000000000000000000010002020002731006181400000000002            2  01027310061809061800000002495060000000001N010618000000000000000000000000000000000000000000000000000000000000000100002731042842VALTER CERQUEIRA VILLA NOVA             RUA MACHADO - 106 - VILA AUGUSTA - GUARU            07025210                                                            000029
2SR. CAIXA, APOS O VENCIMENTO COBRAR 2% DE MULTA                                 NAO RECEBER APOS 30 DIAS DO VENCIMENTO.                                                                                                                                                                                                         01061800000000000000106180000000000000       0090339900006270027310061814000030
100000000000000000000009033990000627000000000000000000000000010002020002731006182200000000002            2  01027310061809061800000002495060000000001N010618000000000000000000000000000000000000000000000000000000000000000100002731042842VALTER CERQUEIRA VILLA NOVA             RUA MACHADO - 106 - VILA AUGUSTA - GUARU            07025210                                                            000032
2SR. CAIXA, APOS O VENCIMENTO COBRAR 2% DE MULTA                                 NAO RECEBER APOS 30 DIAS DO VENCIMENTO.                                                                                                                                                                                                         01061800000000000000106180000000000000       0090339900006270027310061822000033
100000000000000000000009033990000627000000000000000000000000010002020028802106181200000000002            2  01288021061809061800000002253000000000001N010618000000000000000000000000000000000000000000000000000000000000000100028802158894ELIEL HENRIQUE ZUZA                     RUA CARLOS JOSE BORSTENS - 50 AP.43 - BA            11702750                                                            000035
2SR. CAIXA, APOS O VENCIMENTO COBRAR 2% DE MULTA                                 NAO RECEBER APOS 30 DIAS DO VENCIMENTO.                                                                                                                                                                                                         01061800000000000000106180000000000000       0090339900006270288021061812000036
100000000000000000000009033990000627000000000000000000000000010002020008739106181600000000002            2  01087391061809061800000002107120000000001N010618000000000000000000000000000000000000000000000000000000000000000100008739150895VANGEVALDO BATISTA SANT ANNA            TRAVESSA TOMAZIN - 02 - ERMELINO MATARAZ            03811125                                                            000038
2SR. CAIXA, APOS O VENCIMENTO COBRAR 2% DE MULTA                                 NAO RECEBER APOS 30 DIAS DO VENCIMENTO.                                                                                                                                                                                                         01061800000000000000106180000000000000       0090339900006270087391061816000039
100000000000000000000009033990000627000000000000000000000000010002020005313706181200000000002            2  01053137061811061800000001866990000000001N010618000000000000000000000000000000000000000000000000000000000000000100005313717863EDIMICIO JOSE DE ARAUJO                 PRACA NICOLAU GERAIGIRE - 680 CA A - JAR            11095110                                                            000041
2SR. CAIXA, APOS O VENCIMENTO COBRAR 2% DE MULTA                                 NAO RECEBER APOS 30 DIAS DO VENCIMENTO.                                                                                                                                                                                                         01061800000000000000106180000000000000       0090339900006270053137061812000042
100000000000000000000009033990000627000000000000000000000000010002020029433606181000000000002            2  01294336061811061800000001793530000000001N010618000000000000000000000000000000000000000000000000000000000000000100029433631897MARIO MUNIZ                             RUA LIBERO BADARO - 1115 - BAIRRO CIDADE            11704070                                                            000044
2SR. CAIXA, APOS O VENCIMENTO COBRAR 2% DE MULTA                                 NAO RECEBER APOS 30 DIAS DO VENCIMENTO.                                                                                                                                                                                                         01061800000000000000106180000000000000       0090339900006270294336061810000045
100000000000000000000009033990000627000000000000000000000000010002020001847206181900000000002            2  01018472061811061800000001651180000000001N010618000000000000000000000000000000000000000000000000000000000000000100001847204864AMERICA CONCEICAO DA SILVA              RUA CAMINHO DO GUARAMAR - 199 AP.11 BLOC            11721050                                                            000047
2SR. CAIXA, APOS O VENCIMENTO COBRAR 2% DE MULTA                                 NAO RECEBER APOS 30 DIAS DO VENCIMENTO.                                                                                                                                                                                                         01061800000000000000106180000000000000       0090339900006270018472061819000048
100000000000000000000009033990000627000000000000000000000000010002020005029806181300000000002            2  01050298061809061800000002151690000000001N010618000000000000000000000000000000000000000000000000000000000000000100005029828885LAURINETE DA CONCEICAO DE NORONHA       RUA MARIA LUCIA DE TOLEDO LEITE MORAES -            04434040                                                            000050
2SR. CAIXA, APOS O VENCIMENTO COBRAR 2% DE MULTA                                 NAO RECEBER APOS 30 DIAS DO VENCIMENTO.                                                                                                                                                                                                         01061800000000000000106180000000000000       0090339900006270050298061813000051
100000000000000000000009033990000627000000000000000000000000010002020027682106181200000000002            2  01276821061811061800000001740710000000001N010618000000000000000000000000000000000000000000000000000000000000000100027682175818ALINE TEIXEIRA                          RUA CRUZEIRO DO SUL - 309 - JARDIM BOM P            06385060                                                            000053
2SR. CAIXA, APOS O VENCIMENTO COBRAR 2% DE MULTA                                 NAO RECEBER APOS 30 DIAS DO VENCIMENTO.                                                                                                                                                                                                         01061800000000000000106180000000000000       0090339900006270276821061812000054
100000000000000000000009033990000627000000000000000000000000010002020013388906181500000000002            2  01133889061811061800000001748430000000001N010618000000000000000000000000000000000000000000000000000000000000000100013388936889NEUTON DE SOUZA RAMOS                   RUA MARIA CRISTINA - 932 - JARDIM CASQUE            11533160                                                            000056
2SR. CAIXA, APOS O VENCIMENTO COBRAR 2% DE MULTA                                 NAO RECEBER APOS 30 DIAS DO VENCIMENTO.                                                                                                                                                                                                         01061800000000000000106180000000000000       0090339900006270133889061815000057
100000000000000000000009033990000627000000000000000000000000010002020012774906181500000000002            2  01127749061811061800000001781230000000001N010618000000000000000000000000000000000000000000000000000000000000000100012774906865JOSE MILTON SANTIAGO                    RUA BATATAIS - 47 - CIDADE ESTELA - POA             08563140                                                            000059
2SR. CAIXA, APOS O VENCIMENTO COBRAR 2% DE MULTA                                 NAO RECEBER APOS 30 DIAS DO VENCIMENTO.                                                                                                                                                                                                         01061800000000000000106180000000000000       0090339900006270127749061815000060
100000000000000000000009033990000627000000000000000000000000010002020004234906181000000000002            2  01042349061809061800000005277790000000001N010618000000000000000000000000000000000000000000000000000000000000000100004234989835LUIZ ISRAEL DA COSTA                    AVENIDA FERNANDO PACHECO JORDAO - 907 -             08121510                                                            000062
2SR. CAIXA, APOS O VENCIMENTO COBRAR 2% DE MULTA                                 NAO RECEBER APOS 30 DIAS DO VENCIMENTO.                                                                                                                                                                                                         01061800000000000000106180000000000000       0090339900006270042349061810000063
100000000000000000000009033990000627000000000000000000000000010002020004234906182900000000002            2  01042349061809061800000003135550000000001N010618000000000000000000000000000000000000000000000000000000000000000100004234989835LUIZ ISRAEL DA COSTA                    AVENIDA FERNANDO PACHECO JORDAO - 907 -             08121510                                                            000065
2SR. CAIXA, APOS O VENCIMENTO COBRAR 2% DE MULTA                                 NAO RECEBER APOS 30 DIAS DO VENCIMENTO.                                                                                                                                                                                                         01061800000000000000106180000000000000       0090339900006270042349061829000066
100000000000000000000009033990000627000000000000000000000000010002020016294106181000000000002            2  01162941061809061800000002136250000000001N010618000000000000000000000000000000000000000000000000000000000000000100016294119812JURACY FELIX DE ARRUDA                  RUA ERNA - 13 - ALTO DA MOOCA - SAO PAUL            03165050                                                            000068
2SR. CAIXA, APOS O VENCIMENTO COBRAR 2% DE MULTA                                 NAO RECEBER APOS 30 DIAS DO VENCIMENTO.                                                                                                                                                                                                         01061800000000000000106180000000000000       0090339900006270162941061810000069
100000000000000000000009033990000627000000000000000000000000010002020005613806181500000000002            2  01056138061811061800000001638260000000001N010618000000000000000000000000000000000000000000000000000000000000000100005613843805NILZA MARIA DE OLIVEIRA                 RUA JOSE GONCALVES DE FREITAS - 66 C2 -             08210550                                                            000071
2SR. CAIXA, APOS O VENCIMENTO COBRAR 2% DE MULTA                                 NAO RECEBER APOS 30 DIAS DO VENCIMENTO.                                                                                                                                                                                                         01061800000000000000106180000000000000       0090339900006270056138061815000072
100000000000000000000009033990000627000000000000000000000000010002020007574906181500000000002            2  01075749061811061800000001681630000000001N010618000000000000000000000000000000000000000000000000000000000000000100007574936889JORGE LUCIANO PEREIRA BORRIELLO         RUA FABIO DE ALMEIDA MAGALHAES - 179 - J            05135370                                                            000074
2SR. CAIXA, APOS O VENCIMENTO COBRAR 2% DE MULTA                                 NAO RECEBER APOS 30 DIAS DO VENCIMENTO.                                                                                                                                                                                                         01061800000000000000106180000000000000       0090339900006270075749061815000075
100000000000000000000009033990000627000000000000000000000000010002020032408106181800000000002            2  01324081061811061800000001585420000000001N010618000000000000000000000000000000000000000000000000000000000000000100032408151848DEILSON DO NASCIMENTO CANDIDO DA SILVA  RUA HEREMITA SANTA DO NASCIMENTO - 37 AP            11345340                                                            000077
2SR. CAIXA, APOS O VENCIMENTO COBRAR 2% DE MULTA                                 NAO RECEBER APOS 30 DIAS DO VENCIMENTO.                                                                                                                                                                                                         01061800000000000000106180000000000000       0090339900006270324081061818000078
100000000000000000000009033990000627000000000000000000000000010002020008214906181800000000002            2  01082149061811061800000001707150000000001N010618000000000000000000000000000000000000000000000000000000000000000100008214973830JAMIL CHALA                             AVENIDA COSTA MACHADO - 291 AP.133-A - C            11700650                                                            000080
2SR. CAIXA, APOS O VENCIMENTO COBRAR 2% DE MULTA                                 NAO RECEBER APOS 30 DIAS DO VENCIMENTO.                                                                                                                                                                                                         01061800000000000000106180000000000000       0090339900006270082149061818000081
100000000000000000000009033990000627000000000000000000000000010002020032495006181500000000002            2  01324950061811061800000001913080000000001N010618000000000000000000000000000000000000000000000000000000000000000100032495004881PAULO EDUARDO DOS SANTOS                RUA REPUBLICA DO IRAQUE - 1119 - CAMPO B            04611002                                                            000083
2SR. CAIXA, APOS O VENCIMENTO COBRAR 2% DE MULTA                                 NAO RECEBER APOS 30 DIAS DO VENCIMENTO.                                                                                                                                                                                                         01061800000000000000106180000000000000       0090339900006270324950061815000084
100000000000000000000009033990000627000000000000000000000000010002020006471806181500000000002            2  01064718061809061800000002103200000000001N010618000000000000000000000000000000000000000000000000000000000000000100006471825803JOSIVALDO BASTOS DE OLIVEIRA            RUA MARIA DIAS HOG - 263 - PARQUE CONTIN            07085035                                                            000086
2SR. CAIXA, APOS O VENCIMENTO COBRAR 2% DE MULTA                                 NAO RECEBER APOS 30 DIAS DO VENCIMENTO.                                                                                                                                                                                                         01061800000000000000106180000000000000       0090339900006270064718061815000087
100000000000000000000009033990000627000000000000000000000000010002020038856806181100000000002            2  01388568061811061800000001773470000000001N010618000000000000000000000000000000000000000000000000000000000000000100038856851830FELIPE BIANCHI DA COSTA FREITAS         AVENIDA ENGENHEIRO ARMANDO DE ARRUDA PER            04325001                                                            000089
2SR. CAIXA, APOS O VENCIMENTO COBRAR 2% DE MULTA                                 NAO RECEBER APOS 30 DIAS DO VENCIMENTO.                                                                                                                                                                                                         01061800000000000000106180000000000000       0090339900006270388568061811000090
100000000000000000000009033990000627000000000000000000000000010002020016498006181200000000002            2  01164980061811061800000001677810000000001N010618000000000000000000000000000000000000000000000000000000000000000100016498053810GILMA CEZARIO GARCIA CORRITORI          RUA LAURENTINO XAVIER DOS SANTOS - 336 -            08240740                                                            000092
2SR. CAIXA, APOS O VENCIMENTO COBRAR 2% DE MULTA                                 NAO RECEBER APOS 30 DIAS DO VENCIMENTO.                                                                                                                                                                                                         01061800000000000000106180000000000000       0090339900006270164980061812000093
100000000000000000000009033990000627000000000000000000000000010002020030098606181500000000002            2  01300986061811061800000001801280000000001N010618000000000000000000000000000000000000000000000000000000000000000100030098603825DEUZIANA MOREIRA DE SA                  RUA JOAO AVELINO PINHO MELLAO - 114 - JA            05659010                                                            000095
2SR. CAIXA, APOS O VENCIMENTO COBRAR 2% DE MULTA                                 NAO RECEBER APOS 30 DIAS DO VENCIMENTO.                                                                                                                                                                                                         01061800000000000000106180000000000000       0090339900006270300986061815000096
100000000000000000000009033990000627000000000000000000000000010002020030098606182300000000002            2  01300986061811061800000001801280000000001N010618000000000000000000000000000000000000000000000000000000000000000100030098603825DEUZIANA MOREIRA DE SA                  RUA JOAO AVELINO PINHO MELLAO - 114 - JA            05659010                                                            000098
2SR. CAIXA, APOS O VENCIMENTO COBRAR 2% DE MULTA                                 NAO RECEBER APOS 30 DIAS DO VENCIMENTO.                                                                                                                                                                                                         01061800000000000000106180000000000000       0090339900006270300986061823000099
100000000000000000000009033990000627000000000000000000000000010002020029339006181100000000002            2  01293390061811061800000001794140000000001N010618000000000000000000000000000000000000000000000000000000000000000100029339051831RONALD DIDOFF                           RUA CORONEL FERREIRA BRAGA - 188 - VILA             03522010                                                            000101
2SR. CAIXA, APOS O VENCIMENTO COBRAR 2% DE MULTA                                 NAO RECEBER APOS 30 DIAS DO VENCIMENTO.                                                                                                                                                                                                         01061800000000000000106180000000000000       0090339900006270293390061811000102
100000000000000000000009033990000627000000000000000000000000010002020017357806181300000000002            2  01173578061811061800000001900150000000001N010618000000000000000000000000000000000000000000000000000000000000000100017357859894MARCIO GUIMARAES                        RUA GENERAL CAMARA - 188 SALA 11 - CENTR            11010120                                                            000104
2SR. CAIXA, APOS O VENCIMENTO COBRAR 2% DE MULTA                                 NAO RECEBER APOS 30 DIAS DO VENCIMENTO.                                                                                                                                                                                                         01061800000000000000106180000000000000       0090339900006270173578061813000105
100000000000000000000009033990000627000000000000000000000000010002020010563006181300000000002            2  01105630061811061800000001948730000000001N010618000000000000000000000000000000000000000000000000000000000000000100010563033878VERA LUCIA RIBEIRO LONGANEZI            RUA DOS CAMARES - 150 AP.24 BL.02 - CARA            02068030                                                            000107
2SR. CAIXA, APOS O VENCIMENTO COBRAR 2% DE MULTA                                 NAO RECEBER APOS 30 DIAS DO VENCIMENTO.                                                                                                                                                                                                         01061800000000000000106180000000000000       0090339900006270105630061813000108
100000000000000000000009033990000627000000000000000000000000010002020005529606181800000000002            2  01055296061811061800000001768380000000001N010618000000000000000000000000000000000000000000000000000000000000000100005529616801JOAQUIM JORGE DA COSTA                  RUA CONEGO XAVIER - 13 - SACOMA - SAO PA            04231030                                                            000110
2SR. CAIXA, APOS O VENCIMENTO COBRAR 2% DE MULTA                                 NAO RECEBER APOS 30 DIAS DO VENCIMENTO.                                                                                                                                                                                                         01061800000000000000106180000000000000       0090339900006270055296061818000111
100000000000000000000009033990000627000000000000000000000000010002020022014106181200000000002            2  01220141061811061800000001763240000000001N010618000000000000000000000000000000000000000000000000000000000000000100022014140847CAMILA SILVEIRA CANIZARES               AVENIDA PRESIDENTE CASTELO BRANCO - 5.74            11703650                                                            000113
2SR. CAIXA, APOS O VENCIMENTO COBRAR 2% DE MULTA                                 NAO RECEBER APOS 30 DIAS DO VENCIMENTO.                                                                                                                                                                                                         01061800000000000000106180000000000000       0090339900006270220141061812000114
100000000000000000000009033990000627000000000000000000000000010002020015550706181400000000002            2  01155507061809061800000001630970000000001N010618000000000000000000000000000000000000000000000000000000000000000100015550706806MARY MIWA                               AVENIDA AFONSO PENA - 283 AP.33 - MACUCO            11020001                                                            000116
2SR. CAIXA, APOS O VENCIMENTO COBRAR 2% DE MULTA                                 NAO RECEBER APOS 30 DIAS DO VENCIMENTO.                                                                                                                                                                                                         01061800000000000000106180000000000000       0090339900006270155507061814000117
100000000000000000000009033990000627000000000000000000000000010002020015464606181400000000002            2  01154646061811061800000001858990000000001N010618000000000000000000000000000000000000000000000000000000000000000100015464647864SONIA TERESA VOLPATO                    RUA PEDRO BADRA - 51 AP.73 - JABAQUARA -            04348090                                                            000119
2SR. CAIXA, APOS O VENCIMENTO COBRAR 2% DE MULTA                                 NAO RECEBER APOS 30 DIAS DO VENCIMENTO.                                                                                                                                                                                                         01061800000000000000106180000000000000       0090339900006270154646061814000120
100000000000000000000009033990000627000000000000000000000000010002020008657806181300000000002            2  01086578061811061800000001840340000000001N010618000000000000000000000000000000000000000000000000000000000000000100008657886855ARLINDO DA CRUZ                         AVENIDA ARICANDUVA - 8.256 AP.54 BL.10 -            03951220                                                            000122
2SR. CAIXA, APOS O VENCIMENTO COBRAR 2% DE MULTA                                 NAO RECEBER APOS 30 DIAS DO VENCIMENTO.                                                                                                                                                                                                         01061800000000000000106180000000000000       0090339900006270086578061813000123
100000000000000000000009033990000627000000000000000000000000010002020004265706181300000000002            2  01042657061809061800000002403200000000001N010618000000000000000000000000000000000000000000000000000000000000000100004265781713ALEXANDRE CASADO COSTA                  RUA CARLOS JOSE BORSTENS - 50 AP.33 - AV            11702750                                                            000125
2SR. CAIXA, APOS O VENCIMENTO COBRAR 2% DE MULTA                                 NAO RECEBER APOS 30 DIAS DO VENCIMENTO.                                                                                                                                                                                                         01061800000000000000106180000000000000       0090339900006270042657061813000126
100000000000000000000009033990000627000000000000000000000000010002020059735106181100000000002            2  01597351061809061800000001015060000000001N010618000000000000000000000000000000000000000000000000000000000000000100059735180863HELIO JOSE MARQUES                      RUA MARTIM AFONSO DE SOUZA - 1007 AP.102            11702790                                                            000128
2SR. CAIXA, APOS O VENCIMENTO COBRAR 2% DE MULTA                                 NAO RECEBER APOS 30 DIAS DO VENCIMENTO.                                                                                                                                                                                                         01061800000000000000106180000000000000       0090339900006270597351061811000129
100000000000000000000009033990000627000000000000000000000000010002020026347806181500000000002            2  01263478061811061800000001967270000000001N010618000000000000000000000000000000000000000000000000000000000000000100026347872862VALDECI SILVA MEIRELES                  RUA JOSE BATISTA DA SILVA - 292 - JARDIM            06851470                                                            000131
2SR. CAIXA, APOS O VENCIMENTO COBRAR 2% DE MULTA                                 NAO RECEBER APOS 30 DIAS DO VENCIMENTO.                                                                                                                                                                                                         01061800000000000000106180000000000000       0090339900006270263478061815000132
9                                                                                                                                                                                                                                                                                                                                                                                                         000133