01REMESSA01COBRANCA       00000000000008017025HB SANTOS CONSTRUTORA E INCORP237BRADESCO       100419        MX0000077                                                                                                                                                                                                                                                                                     000001
100000000000000000000009033990000627000000000000000000000000010002020025035104191800000000002            2  01250351041924041900000002029690000000001N100419000000000000000000000000000000000000000000000000000000000000000100025035170802WANDERSON LUIS DE CARVALHO              RUA JOAQUIM GONCALVES ROCHA - 302 - JARD            02859030                                                            000002
2SR. CAIXA, APOS O VENCIMENTO COBRAR 2% DE MULTA                                 NAO RECEBER APOS 30 DIAS DO VENCIMENTO.                                                                                                                                                                                                         10041900000000000001004190000000000000       0090339900006270250351041918000003
100000000000000000000009033990000627000000000000000000000000010002020007294304191500000000002            2  01072943041924041900000002729970000000001N100419000000000000000000000000000000000000000000000000000000000000000100007294351805CLAUDENIR APARECIDO VACARI              RUA CARLOS JOSE BORSTENS - 50 AP.93 - AV            11702750                                                            000005
2SR. CAIXA, APOS O VENCIMENTO COBRAR 2% DE MULTA                                 NAO RECEBER APOS 30 DIAS DO VENCIMENTO.                                                                                                                                                                                                         10041900000000000001004190000000000000       0090339900006270072943041915000006
100000000000000000000009033990000627000000000000000000000000010002020042976104191500000000002            2  01429761041924041900000002758620000000001N100419000000000000000000000000000000000000000000000000000000000000000100042976111634ACACIO TOSCANO BONDANCA                 RUA COMENDADOR JACOMO ANTONIO LA SELVA -            12946797                                                            000008
2SR. CAIXA, APOS O VENCIMENTO COBRAR 2% DE MULTA                                 NAO RECEBER APOS 30 DIAS DO VENCIMENTO.                                                                                                                                                                                                         10041900000000000001004190000000000000       0090339900006270429761041915000009
100000000000000000000009033990000627000000000000000000000000010002020035438004191900000000002            2  01354380041924041900000002329790000000001N100419000000000000000000000000000000000000000000000000000000000000000100035438022836ALESSANDRO FARACO DOS SANTOS            RUA PEDRO POMAR  - 145 - JARDIM ELISA MA            02875020                                                            000011
2SR. CAIXA, APOS O VENCIMENTO COBRAR 2% DE MULTA                                 NAO RECEBER APOS 30 DIAS DO VENCIMENTO.                                                                                                                                                                                                         10041900000000000001004190000000000000       0090339900006270354380041919000012
100000000000000000000009033990000627000000000000000000000000010002020007525004191000000000002            2  01075250041924041900000003053580000000001N100419000000000000000000000000000000000000000000000000000000000000000100007525032866FERNANDO RIBEIRO                        RUA ALDO COLI - 539 - VILA MIRIM - PRAIA            11704760                                                            000014
2SR. CAIXA, APOS O VENCIMENTO COBRAR 2% DE MULTA                                 NAO RECEBER APOS 30 DIAS DO VENCIMENTO.                                                                                                                                                                                                         10041900000000000001004190000000000000       0090339900006270075250041910000015
100000000000000000000009033990000627000000000000000000000000010002020005071404191600000000002            2  01050714041924041900000002678570000000001N100419000000000000000000000000000000000000000000000000000000000000000100005071481855ERIBALDO SANTANA CARVALHO               RUA HONDURAS - 477 - PARQUE DAS AMERICAS            09351070                                                            000017
2SR. CAIXA, APOS O VENCIMENTO COBRAR 2% DE MULTA                                 NAO RECEBER APOS 30 DIAS DO VENCIMENTO.                                                                                                                                                                                                         10041900000000000001004190000000000000       0090339900006270050714041916000018
100000000000000000000009033990000627000000000000000000000000010002020002841704191P00000000002            2  01028417041924041900000002506050000000001N100419000000000000000000000000000000000000000000000000000000000000000100002841756416LUCIANA PINHEIRO DE ASSIS NUNES         RUA RIO ACIMA - 81 - RIACHO GRANDE - SAO            09830100                                                            000020
2SR. CAIXA, APOS O VENCIMENTO COBRAR 2% DE MULTA                                 NAO RECEBER APOS 30 DIAS DO VENCIMENTO.                                                                                                                                                                                                         10041900000000000001004190000000000000       009033990000627002841704191P000021
100000000000000000000009033990000627000000000000000000000000010002020084302004191900000000002            2  01843020041924041900000002518070000000001N100419000000000000000000000000000000000000000000000000000000000000000100084302097868FAUSTO TADEU VILOR                      RUA ANTONIO TAVARES - 466 - BAIRRO CAMBU            01542010                                                            000023
2SR. CAIXA, APOS O VENCIMENTO COBRAR 2% DE MULTA                                 NAO RECEBER APOS 30 DIAS DO VENCIMENTO.                                                                                                                                                                                                         10041900000000000001004190000000000000       0090339900006270843020041919000024
100000000000000000000009033990000627000000000000000000000000010002020028804204191900000000002            2  01288042041924041900000002474020000000001N100419000000000000000000000000000000000000000000000000000000000000000100028804202882GILBERTO FABIANO CABRAL DE CAMARGO      RUA CARLOS JOSE BORSTENS - 50 AP.44 - AV            11702750                                                            000026
2SR. CAIXA, APOS O VENCIMENTO COBRAR 2% DE MULTA                                 NAO RECEBER APOS 30 DIAS DO VENCIMENTO.                                                                                                                                                                                                         10041900000000000001004190000000000000       0090339900006270288042041919000027
100000000000000000000009033990000627000000000000000000000000010002020000991704191100000000002            2  01009917041924041900000002414740000000001N100419000000000000000000000000000000000000000000000000000000000000000100000991748808JAILSON BORGES DE ANDRADE               RUA IPIOBUNA - 45 - JARDIM CUMBICA - GUA            07240040                                                            000029
2SR. CAIXA, APOS O VENCIMENTO COBRAR 2% DE MULTA                                 NAO RECEBER APOS 30 DIAS DO VENCIMENTO.                                                                                                                                                                                                         10041900000000000001004190000000000000       0090339900006270009917041911000030
100000000000000000000009033990000627000000000000000000000000010002020092180204191900000000002            2  01921802041924041900000003292210000000001N100419000000000000000000000000000000000000000000000000000000000000000100092180299834LUIS ROBERTO DE SA DUARTE               RUA TEBAS - 296 AP.84 BLOCO 2 CE - JARDI            04634031                                                            000032
2SR. CAIXA, APOS O VENCIMENTO COBRAR 2% DE MULTA                                 NAO RECEBER APOS 30 DIAS DO VENCIMENTO.                                                                                                                                                                                                         10041900000000000001004190000000000000       0090339900006270921802041919000033
100000000000000000000009033990000627000000000000000000000000010002020022151604191800000000002            2  01221516041924041900000002400740000000001N100419000000000000000000000000000000000000000000000000000000000000000100022151666816SAMIR LIMA DE ARAUJO                    AVENIDA GUARAPIRANGA - 2616 AP.42 BLOCO1            04902005                                                            000035
2SR. CAIXA, APOS O VENCIMENTO COBRAR 2% DE MULTA                                 NAO RECEBER APOS 30 DIAS DO VENCIMENTO.                                                                                                                                                                                                         10041900000000000001004190000000000000       0090339900006270221516041918000036
100000000000000000000009033990000627000000000000000000000000010002020022313104191P00000000002            2  01223131041926041900000001846740000000001N100419000000000000000000000000000000000000000000000000000000000000000100022313116824ROSA MARIA BRITO DA SILVA               RUA SERVIDAO DE SAO MARCOS - 113 - JARDI            04930300                                                            000038
2SR. CAIXA, APOS O VENCIMENTO COBRAR 2% DE MULTA                                 NAO RECEBER APOS 30 DIAS DO VENCIMENTO.                                                                                                                                                                                                         10041900000000000001004190000000000000       009033990000627022313104191P000039
100000000000000000000009033990000627000000000000000000000000010002020027538004191100000000002            2  01275380041926041900000001853170000000001N100419000000000000000000000000000000000000000000000000000000000000000100027538087249MARA LUCIA MENEZES DA COSTA             RUA LEILA  - 183 - ITAQUERA - SAO PAULO             08240020                                                            000041
2SR. CAIXA, APOS O VENCIMENTO COBRAR 2% DE MULTA                                 NAO RECEBER APOS 30 DIAS DO VENCIMENTO.                                                                                                                                                                                                         10041900000000000001004190000000000000       0090339900006270275380041911000042
100000000000000000000009033990000627000000000000000000000000010002020031278404191800000000002            2  01312784041924041900000002319170000000001N100419000000000000000000000000000000000000000000000000000000000000000100031278411836JEFFERSON DE PIERI PIRES ZAMUNER        RUA MANOEL ARCE - 277 - PARQUE BANCARIO             03922150                                                            000044
2SR. CAIXA, APOS O VENCIMENTO COBRAR 2% DE MULTA                                 NAO RECEBER APOS 30 DIAS DO VENCIMENTO.                                                                                                                                                                                                         10041900000000000001004190000000000000       0090339900006270312784041918000045
100000000000000000000009033990000627000000000000000000000000010002020019185704191P00000000002            2  01191857041926041900000001686420000000001N100419000000000000000000000000000000000000000000000000000000000000000100019185769800AGUINALDO PESSOA DE LIMA                RUA JANUARIO ZINGARO - 252 AP.303 BL.04             05794300                                                            000047
2SR. CAIXA, APOS O VENCIMENTO COBRAR 2% DE MULTA                                 NAO RECEBER APOS 30 DIAS DO VENCIMENTO.                                                                                                                                                                                                         10041900000000000001004190000000000000       009033990000627019185704191P000048
100000000000000000000009033990000627000000000000000000000000010002020033303604191000000000002            2  01333036041926041900000001816430000000001N100419000000000000000000000000000000000000000000000000000000000000000100033303645809JESSICA DA SILVA FREITAS                RUA ARILDO VALADAO - 120 - JARDIM GUAEMB            04814600                                                            000050
2SR. CAIXA, APOS O VENCIMENTO COBRAR 2% DE MULTA                                 NAO RECEBER APOS 30 DIAS DO VENCIMENTO.                                                                                                                                                                                                         10041900000000000001004190000000000000       0090339900006270333036041910000051
100000000000000000000009033990000627000000000000000000000000010002020004824404191P00000000002            2  01048244041926041900000001830800000000001N100419000000000000000000000000000000000000000000000000000000000000000100004824443806ROSIMEIRE CLARA FERREIRA REZENDE        RUA JOAQUIM DE OLIVEIRA FREITAS - 912 AP            05133000                                                            000053
2SR. CAIXA, APOS O VENCIMENTO COBRAR 2% DE MULTA                                 NAO RECEBER APOS 30 DIAS DO VENCIMENTO.                                                                                                                                                                                                         10041900000000000001004190000000000000       009033990000627004824404191P000054
100000000000000000000009033990000627000000000000000000000000010002020006422604191600000000002            2  01064226041924041900000002511720000000001N100419000000000000000000000000000000000000000000000000000000000000000100006422607881GERALDO ALVES DA SILVA                  RUA CARLOS JOSE BORSTENS - 50 AP.14 - AV            11702750                                                            000056
2SR. CAIXA, APOS O VENCIMENTO COBRAR 2% DE MULTA                                 NAO RECEBER APOS 30 DIAS DO VENCIMENTO.                                                                                                                                                                                                         10041900000000000001004190000000000000       0090339900006270064226041916000057
100000000000000000000009033990000627000000000000000000000000010002020033877104191800000000002            2  01338771041926041900000001702960000000001N100419000000000000000000000000000000000000000000000000000000000000000100033877129870HELDER FERREIRA VIANA                   RUA TUPI - 254 - VILA TUPI - PRAIA GRAND            11703260                                                            000059
2SR. CAIXA, APOS O VENCIMENTO COBRAR 2% DE MULTA                                 NAO RECEBER APOS 30 DIAS DO VENCIMENTO.                                                                                                                                                                                                         10041900000000000001004190000000000000       0090339900006270338771041918000060
100000000000000000000009033990000627000000000000000000000000010002020028290704191100000000002            2  01282907041926041900000001569480000000001N100419000000000000000000000000000000000000000000000000000000000000000100028290719809VANESSA GIANGARRELLI PEREIRA            RUA BARINEL - 72 - JARDIM COTCHING - SAO            03462130                                                            000062
2SR. CAIXA, APOS O VENCIMENTO COBRAR 2% DE MULTA                                 NAO RECEBER APOS 30 DIAS DO VENCIMENTO.                                                                                                                                                                                                         10041900000000000001004190000000000000       0090339900006270282907041911000063
100000000000000000000009033990000627000000000000000000000000010002020028290704192P00000000002            2  01282907041926041900000001569480000000001N100419000000000000000000000000000000000000000000000000000000000000000100028290719809VANESSA GIANGARRELLI PEREIRA            RUA BARINEL - 72 - JARDIM COTCHING - SAO            03462130                                                            000065
2SR. CAIXA, APOS O VENCIMENTO COBRAR 2% DE MULTA                                 NAO RECEBER APOS 30 DIAS DO VENCIMENTO.                                                                                                                                                                                                         10041900000000000001004190000000000000       009033990000627028290704192P000066
100000000000000000000009033990000627000000000000000000000000010002020087573004191700000000002            2  01875730041926041900000001713870000000001N100419000000000000000000000000000000000000000000000000000000000000000100087573059604VANDERLEY DE ASSIS                      RUA ROMEU ALBANI - 268 - JARDIM PARQUE R            13803810                                                            000068
2SR. CAIXA, APOS O VENCIMENTO COBRAR 2% DE MULTA                                 NAO RECEBER APOS 30 DIAS DO VENCIMENTO.                                                                                                                                                                                                         10041900000000000001004190000000000000       0090339900006270875730041917000069
100000000000000000000009033990000627000000000000000000000000010002020010825504191400000000002            2  01108255041926041900000001788530000000001N100419000000000000000000000000000000000000000000000000000000000000000100010825513847JOSE APARECIDO PEREIRA                  RUA GENERAL OSORIO - 305 - JARDIM TRINTA            11515130                                                            000071
2SR. CAIXA, APOS O VENCIMENTO COBRAR 2% DE MULTA                                 NAO RECEBER APOS 30 DIAS DO VENCIMENTO.                                                                                                                                                                                                         10041900000000000001004190000000000000       0090339900006270108255041914000072
100000000000000000000009033990000627000000000000000000000000010002020038818504191400000000002            2  01388185041926041900000001819090000000001N100419000000000000000000000000000000000000000000000000000000000000000100038818572814MAURICIUS ALEXANDRE ESTEVAM NABOR       RUA RAUL SERAPIAO BARROSO - 379 - ESPLAN            11340330                                                            000074
2SR. CAIXA, APOS O VENCIMENTO COBRAR 2% DE MULTA                                 NAO RECEBER APOS 30 DIAS DO VENCIMENTO.                                                                                                                                                                                                         10041900000000000001004190000000000000       0090339900006270388185041914000075
100000000000000000000009033990000627000000000000000000000000010002020039115104191600000000002            2  01391151041926041900000002204660000000001N100419000000000000000000000000000000000000000000000000000000000000000100039115139840LAIS CRISTINA RIBEIRO ANDO              RUA PERU - 769 AP.17 - VILA GUILHERMINA             11702250                                                            000077
2SR. CAIXA, APOS O VENCIMENTO COBRAR 2% DE MULTA                                 NAO RECEBER APOS 30 DIAS DO VENCIMENTO.                                                                                                                                                                                                         10041900000000000001004190000000000000       0090339900006270391151041916000078
100000000000000000000009033990000627000000000000000000000000010002020029617504191400000000002            2  01296175041924041900000002465340000000001N100419000000000000000000000000000000000000000000000000000000000000000100029617510553MARILENE SOUZA DE OLIVEIRA              AVENIDA BRASIL - 393 AP.09 - PARQUE DAS             09210280                                                            000080
2SR. CAIXA, APOS O VENCIMENTO COBRAR 2% DE MULTA                                 NAO RECEBER APOS 30 DIAS DO VENCIMENTO.                                                                                                                                                                                                         10041900000000000001004190000000000000       0090339900006270296175041914000081
100000000000000000000009033990000627000000000000000000000000010002020000593204191400000000002            2  01005932041924041900000002703870000000001N100419000000000000000000000000000000000000000000000000000000000000000100000593293860WALTER HELIO BARBOSA FILHO              AVENIDA ANTONIO FREDERICO OZANAN - 9500             13214206                                                            000083
2SR. CAIXA, APOS O VENCIMENTO COBRAR 2% DE MULTA                                 NAO RECEBER APOS 30 DIAS DO VENCIMENTO.                                                                                                                                                                                                         10041900000000000001004190000000000000       0090339900006270005932041914000084
100000000000000000000009033990000627000000000000000000000000010002020007730004191P00000000002            2  01077300041924041900000003845160000000001N100419000000000000000000000000000000000000000000000000000000000000000100007730084899ARNALDO LUIZ VONO                       RUA CARLOS JOSE BORSTENS - 50 AP.122 - A            11702750                                                            000086
2SR. CAIXA, APOS O VENCIMENTO COBRAR 2% DE MULTA                                 NAO RECEBER APOS 30 DIAS DO VENCIMENTO.                                                                                                                                                                                                         10041900000000000001004190000000000000       009033990000627007730004191P000087
100000000000000000000009033990000627000000000000000000000000010002020065584104191600000000002            2  01655841041924041900000001419360000000001N100419000000000000000000000000000000000000000000000000000000000000000100065584147834JOAQUIM DA COSTA MACHADO NETO           RUA CARLOS JOSE BORSTENS - 50 AP.42 - AV            11702750                                                            000089
2SR. CAIXA, APOS O VENCIMENTO COBRAR 2% DE MULTA                                 NAO RECEBER APOS 30 DIAS DO VENCIMENTO.                                                                                                                                                                                                         10041900000000000001004190000000000000       0090339900006270655841041916000090
100000000000000000000009033990000627000000000000000000000000010002020065584104192400000000002            2  01655841041924041900000001419360000000001N100419000000000000000000000000000000000000000000000000000000000000000100065584147834JOAQUIM DA COSTA MACHADO NETO           RUA CARLOS JOSE BORSTENS - 50 AP.42 - AV            11702750                                                            000092
2SR. CAIXA, APOS O VENCIMENTO COBRAR 2% DE MULTA                                 NAO RECEBER APOS 30 DIAS DO VENCIMENTO.                                                                                                                                                                                                         10041900000000000001004190000000000000       0090339900006270655841041924000093
100000000000000000000009033990000627000000000000000000000000010002020001616904191800000000002            2  01016169041924041900000002496250000000001N100419000000000000000000000000000000000000000000000000000000000000000100001616913827CLAUDIO LUIZ PAULELLA                   PRACA NESTOR DOS SANTOS ARRUDA - 26 - VI            13920000                                                            000095
2SR. CAIXA, APOS O VENCIMENTO COBRAR 2% DE MULTA                                 NAO RECEBER APOS 30 DIAS DO VENCIMENTO.                                                                                                                                                                                                         10041900000000000001004190000000000000       0090339900006270016169041918000096
100000000000000000000009033990000627000000000000000000000000010002020006684604191900000000002            2  01066846041926041900000001816190000000001N100419000000000000000000000000000000000000000000000000000000000000000100006684623884LAUDINOR VIEIRA GARCIA                  RUA CANDIDO SALES - 374 - JARDIM PRESIDE            07172000                                                            000098
2SR. CAIXA, APOS O VENCIMENTO COBRAR 2% DE MULTA                                 NAO RECEBER APOS 30 DIAS DO VENCIMENTO.                                                                                                                                                                                                         10041900000000000001004190000000000000       0090339900006270066846041919000099
100000000000000000000009033990000627000000000000000000000000010002020011663504191P00000000002            2  01116635041926041900000001829280000000001N100419000000000000000000000000000000000000000000000000000000000000000100011663589844MARIA SAVIO QUARELLO                    AVENIDA MENDONCA DRUMOND - 321 - JARDIM             03524030                                                            000101
2SR. CAIXA, APOS O VENCIMENTO COBRAR 2% DE MULTA                                 NAO RECEBER APOS 30 DIAS DO VENCIMENTO.                                                                                                                                                                                                         10041900000000000001004190000000000000       009033990000627011663504191P000102
100000000000000000000009033990000627000000000000000000000000010002020010083804191100000000002            2  01100838041926041900000001767370000000001N100419000000000000000000000000000000000000000000000000000000000000000100010083824855IONE FERREIRA COUTO DA SILVA            RUA JOSE RAGEL DE MESQUITA - 60 CS.01 -             07799999                                                            000104
2SR. CAIXA, APOS O VENCIMENTO COBRAR 2% DE MULTA                                 NAO RECEBER APOS 30 DIAS DO VENCIMENTO.                                                                                                                                                                                                         10041900000000000001004190000000000000       0090339900006270100838041911000105
100000000000000000000009033990000627000000000000000000000000010002020036881704191400000000002            2  01368817041926041900000001734380000000001N100419000000000000000000000000000000000000000000000000000000000000000100036881778864ANDRE GONZALEZ RABELLO                  RUA PARAIBA - 106 AP.61 - POMPEIA - SANT            11065470                                                            000107
2SR. CAIXA, APOS O VENCIMENTO COBRAR 2% DE MULTA                                 NAO RECEBER APOS 30 DIAS DO VENCIMENTO.                                                                                                                                                                                                         10041900000000000001004190000000000000       0090339900006270368817041914000108
100000000000000000000009033990000627000000000000000000000000010002020018207004191300000000002            2  01182070041924041900000002390690000000001N100419000000000000000000000000000000000000000000000000000000000000000100018207096802ROBERTO VALENTE TAVARES                 RUA SEBASTIAO GOMES - 218 - JARDIM SANTO            13835000                                                            000110
2SR. CAIXA, APOS O VENCIMENTO COBRAR 2% DE MULTA                                 NAO RECEBER APOS 30 DIAS DO VENCIMENTO.                                                                                                                                                                                                         10041900000000000001004190000000000000       0090339900006270182070041913000111
100000000000000000000009033990000627000000000000000000000000010002020005351004191600000000002            2  01053510041926041900000001626150000000001N100419000000000000000000000000000000000000000000000000000000000000000100005351015897VALERIA ALVES MARCOLINO HINNIGER        RUA MONGOLIA - 230 AP.71 BL.4 - PARQUE N            09280220                                                            000113
2SR. CAIXA, APOS O VENCIMENTO COBRAR 2% DE MULTA                                 NAO RECEBER APOS 30 DIAS DO VENCIMENTO.                                                                                                                                                                                                         10041900000000000001004190000000000000       0090339900006270053510041916000114
100000000000000000000009033990000627000000000000000000000000010002020031898704191100000000002            2  01318987041924041900000002587180000000001N100419000000000000000000000000000000000000000000000000000000000000000100031898775800ANITA MARTINS COLOMBO                   RUA CARLOS JOSE BORSTENS - 50 AP.115 - A            11702750                                                            000116
2SR. CAIXA, APOS O VENCIMENTO COBRAR 2% DE MULTA                                 NAO RECEBER APOS 30 DIAS DO VENCIMENTO.                                                                                                                                                                                                         10041900000000000001004190000000000000       0090339900006270318987041911000117
100000000000000000000009033990000627000000000000000000000000010002020037983404191100000000002            2  01379834041926041900000001910200000000001N100419000000000000000000000000000000000000000000000000000000000000000100037983484801JOSE ERIVALDO SOUZA DO NASCIMENTO RAMOS RUA LETICIA - 250 - JARDIM GUARUJA - SAO            05877260                                                            000119
2SR. CAIXA, APOS O VENCIMENTO COBRAR 2% DE MULTA                                 NAO RECEBER APOS 30 DIAS DO VENCIMENTO.                                                                                                                                                                                                         10041900000000000001004190000000000000       0090339900006270379834041911000120
100000000000000000000009033990000627000000000000000000000000010002020056289204191200000000002            2  01562892041926041900000001443060000000001N100419000000000000000000000000000000000000000000000000000000000000000100056289286900PEDRO RIBEIRO                           RUA CONEGO MANOEL VAZ - 48 - SANTANA - S            02019050                                                            000122
2SR. CAIXA, APOS O VENCIMENTO COBRAR 2% DE MULTA                                 NAO RECEBER APOS 30 DIAS DO VENCIMENTO.                                                                                                                                                                                                         10041900000000000001004190000000000000       0090339900006270562892041912000123
100000000000000000000009033990000627000000000000000000000000010002020005025504191600000000002            2  01050255041926041900000002053630000000001N100419000000000000000000000000000000000000000000000000000000000000000100005025595860CONCEICAO APARECIDA DE MESQUITA PEREIRA RUA TRIUNFO - 835 AP.105 - JARDIM SAO LU            14020670                                                            000125
2SR. CAIXA, APOS O VENCIMENTO COBRAR 2% DE MULTA                                 NAO RECEBER APOS 30 DIAS DO VENCIMENTO.                                                                                                                                                                                                         10041900000000000001004190000000000000       0090339900006270050255041916000126
100000000000000000000009033990000627000000000000000000000000010002020034735304191900000000002            2  01347353041926041900000001980500000000001N100419000000000000000000000000000000000000000000000000000000000000000100034735328866DIEGO FELIPE MOLINA DA SILVA E SOUSA    RUA EMILIA PAULISTA - 135 - VILA TIRADEN            05364020                                                            000128
2SR. CAIXA, APOS O VENCIMENTO COBRAR 2% DE MULTA                                 NAO RECEBER APOS 30 DIAS DO VENCIMENTO.                                                                                                                                                                                                         10041900000000000001004190000000000000       0090339900006270347353041919000129
100000000000000000000009033990000627000000000000000000000000010002020076175604191P00000000002            2  01761756041924041900000025566730000000001N100419000000000000000000000000000000000000000000000000000000000000000100076175685687GILMAR DE OLIVEIRA BRAGA                RUA MARACAJU - 161 AP.202 - NOVA GRANADA            30431350                                                            000131
2SR. CAIXA, APOS O VENCIMENTO COBRAR 2% DE MULTA                                 NAO RECEBER APOS 30 DIAS DO VENCIMENTO.                                                                                                                                                                                                         10041900000000000001004190000000000000       009033990000627076175604191P000132
100000000000000000000009033990000627000000000000000000000000010002020076175604192800000000002            2  01761756041924041900000003590430000000001N100419000000000000000000000000000000000000000000000000000000000000000100076175685687GILMAR DE OLIVEIRA BRAGA                RUA MARACAJU - 161 AP.202 - NOVA GRANADA            30431350                                                            000134
2SR. CAIXA, APOS O VENCIMENTO COBRAR 2% DE MULTA                                 NAO RECEBER APOS 30 DIAS DO VENCIMENTO.                                                                                                                                                                                                         10041900000000000001004190000000000000       0090339900006270761756041928000135
9                                                                                                                                                                                                                                                                                                                                                                                                         000136