01REMESSA01COBRANCA       00000000000005331186HB SANTOS CONSTRUTORA E INCORP237BRADESCO       010222        MX0000041                                                                                                                                                                                                                                                                                     000001
100000000000000000000009033990000995400000000000000000000000010002020026858602221600000000002            2  01268586022208022200000002691210000000001N010222000000000000000000000000000000000000000000000000000000000000000100026858625879GLAUCE FERREIRA DE OLIVEIRA FALSI       RUA LOURENCO ANTONIO BRAGANCA - 116 - JA            04403160                                                            000002
2SR. CAIXA, APOS O VENCIMENTO COBRAR 2% DE MULTA                                 NAO RECEBER APOS 30 DIAS DO VENCIMENTO.                                                                                                                                                                                                         01022200000000000000102220000000000000       0090339900009954268586022216000003
100000000000000000000009033990000995400000000000000000000000010002020016960802221700000000002            2  01169608022208022200000002569650000000001N010222000000000000000000000000000000000000000000000000000000000000000100016960804876LUIZ ALVES DE SOUZA JUNIOR              RUA FRANCISCO ALVES - 394 CASA B - PAECA            11450320                                                            000005
2SR. CAIXA, APOS O VENCIMENTO COBRAR 2% DE MULTA                                 NAO RECEBER APOS 30 DIAS DO VENCIMENTO.                                                                                                                                                                                                         01022200000000000000102220000000000000       0090339900009954169608022217000006
100000000000000000000009033990000995400000000000000000000000010002020008899302221400000000002            2  01088993022208022200000002552940000000001N010222000000000000000000000000000000000000000000000000000000000000000100008899362858ELAINE D ALMEIDA FERDINANDY             ALAMEDA SUBTENENTE AVIADOR FRANCISCO HIE            02187040                                                            000008
2SR. CAIXA, APOS O VENCIMENTO COBRAR 2% DE MULTA                                 NAO RECEBER APOS 30 DIAS DO VENCIMENTO.                                                                                                                                                                                                         01022200000000000000102220000000000000       0090339900009954088993022214000009
100000000000000000000009033990000995400000000000000000000000010002020029425002221900000000002            2  01294250022208022200000002559340000000001N010222000000000000000000000000000000000000000000000000000000000000000100029425027897FABIA DOS SANTOS DE ANDRADE             AVENIDA ALCIDES CANDIDO DOS SANTOS - 248            11705480                                                            000011
2SR. CAIXA, APOS O VENCIMENTO COBRAR 2% DE MULTA                                 NAO RECEBER APOS 30 DIAS DO VENCIMENTO.                                                                                                                                                                                                         01022200000000000000102220000000000000       0090339900009954294250022219000012
100000000000000000000009033990000995400000000000000000000000010002020078382702221400000000002            2  01783827022208022200000002586350000000001N010222000000000000000000000000000000000000000000000000000000000000000100078382700497JARMELINA BARBOSA DA SILVA              RUA OSCAR CINTRA GORDINHO - 211 AP.51 -             01512010                                                            000014
2SR. CAIXA, APOS O VENCIMENTO COBRAR 2% DE MULTA                                 NAO RECEBER APOS 30 DIAS DO VENCIMENTO.                                                                                                                                                                                                         01022200000000000000102220000000000000       0090339900009954783827022214000015
100000000000000000000009033990000995400000000000000000000000010002020007535302221300000000002            2  01075353022208022200000002536230000000001N010222000000000000000000000000000000000000000000000000000000000000000100007535375839AINAILDE PEREIRA DE CASTRO OLIVETTO     TRAVESSA DORALINA ELIETE ADAO DA SILVA -            08021026                                                            000017
2SR. CAIXA, APOS O VENCIMENTO COBRAR 2% DE MULTA                                 NAO RECEBER APOS 30 DIAS DO VENCIMENTO.                                                                                                                                                                                                         01022200000000000000102220000000000000       0090339900009954075353022213000018
100000000000000000000009033990000995400000000000000000000000010002020028974202221000000000002            2  01289742022208022200000002509220000000001N010222000000000000000000000000000000000000000000000000000000000000000100028974233827MARISTELA FAVANI DE OLIVEIRA            RUA GIUSEPPE CARNEVALLI - 96 - BAIRRO BO            09572100                                                            000020
2SR. CAIXA, APOS O VENCIMENTO COBRAR 2% DE MULTA                                 NAO RECEBER APOS 30 DIAS DO VENCIMENTO.                                                                                                                                                                                                         01022200000000000000102220000000000000       0090339900009954289742022210000021
100000000000000000000009033990000995400000000000000000000000010002020092184802221800000000002            2  01921848022208022200000002475810000000001N010222000000000000000000000000000000000000000000000000000000000000000100092184804800CARMEM DO SOCORRO GUILHERME             ESTRADA SAO FRANCISCO - 1.850 AP.182A -             06765000                                                            000023
2SR. CAIXA, APOS O VENCIMENTO COBRAR 2% DE MULTA                                 NAO RECEBER APOS 30 DIAS DO VENCIMENTO.                                                                                                                                                                                                         01022200000000000000102220000000000000       0090339900009954921848022218000024
100000000000000000000009033990000995400000000000000000000000010002020092184802222600000000002            2  01921848022208022200000002475800000000001N010222000000000000000000000000000000000000000000000000000000000000000100092184804800CARMEM DO SOCORRO GUILHERME             ESTRADA SAO FRANCISCO - 1.850 AP.182A -             06765000                                                            000026
2SR. CAIXA, APOS O VENCIMENTO COBRAR 2% DE MULTA                                 NAO RECEBER APOS 30 DIAS DO VENCIMENTO.                                                                                                                                                                                                         01022200000000000000102220000000000000       0090339900009954921848022226000027
100000000000000000000009033990000995400000000000000000000000010002020009169702221800000000002            2  01091697022208022200000001985620000000001N010222000000000000000000000000000000000000000000000000000000000000000100009169701830TADEU CONSTANTINO LOPES                 RUA JOSE ANTONIO COELHO - 349 CASA 01 -             04011061                                                            000029
2SR. CAIXA, APOS O VENCIMENTO COBRAR 2% DE MULTA                                 NAO RECEBER APOS 30 DIAS DO VENCIMENTO.                                                                                                                                                                                                         01022200000000000000102220000000000000       0090339900009954091697022218000030
100000000000000000000009033990000995400000000000000000000000010002020042480102221600000000002            2  01424801022208022200000002525930000000001N010222000000000000000000000000000000000000000000000000000000000000000100042480155870JAMITRE SOIOMARA ALVES DO NASCIMENTO DAVRUA SERTANISTA GILBERTO PINTO FRANCISCO             11703440                                                            000032
2SR. CAIXA, APOS O VENCIMENTO COBRAR 2% DE MULTA                                 NAO RECEBER APOS 30 DIAS DO VENCIMENTO.                                                                                                                                                                                                         01022200000000000000102220000000000000       0090339900009954424801022216000033
100000000000000000000009033990000995400000000000000000000000010002020004611202221200000000002            2  01046112022208022200000002472110000000001N010222000000000000000000000000000000000000000000000000000000000000000100004611218830TANIA MARIA DA SILVA NUNES PEREIRA LUIZ RODOVIA RAPOSO TAVARES, 7389 KM 17,5 - A            05576200                                                            000035
2SR. CAIXA, APOS O VENCIMENTO COBRAR 2% DE MULTA                                 NAO RECEBER APOS 30 DIAS DO VENCIMENTO.                                                                                                                                                                                                         01022200000000000000102220000000000000       0090339900009954046112022212000036
100000000000000000000009033990000995400000000000000000000000010002020008966502221100000000002            2  01089665022208022200000002386570000000001N010222000000000000000000000000000000000000000000000000000000000000000100008966511856MONICA SILVA REIS                       RUA ORATORIO - 264 E FUNDOS - BANGU - SA            09280550                                                            000038
2SR. CAIXA, APOS O VENCIMENTO COBRAR 2% DE MULTA                                 NAO RECEBER APOS 30 DIAS DO VENCIMENTO.                                                                                                                                                                                                         01022200000000000000102220000000000000       0090339900009954089665022211000039
100000000000000000000009033990000995400000000000000000000000010002020001356902221200000000002            2  01013569022208022200000002563520000000001N010222000000000000000000000000000000000000000000000000000000000000000100001356993800DALVA MARIA DOS SANTOS                  RUA SOLDADO CESARIO AGUIAR - 30 - VILA G            07070050                                                            000041
2SR. CAIXA, APOS O VENCIMENTO COBRAR 2% DE MULTA                                 NAO RECEBER APOS 30 DIAS DO VENCIMENTO.                                                                                                                                                                                                         01022200000000000000102220000000000000       0090339900009954013569022212000042
100000000000000000000009033990000995400000000000000000000000010002020024615502221500000000002            2  01246155022208022200000002923590000000001N010222000000000000000000000000000000000000000000000000000000000000000100024615557884GILBERTO JOSE GONSALES                  RUA DOS GOYTACAZES - 447 AP.206 BL.2 - C            28013266                                                            000044
2SR. CAIXA, APOS O VENCIMENTO COBRAR 2% DE MULTA                                 NAO RECEBER APOS 30 DIAS DO VENCIMENTO.                                                                                                                                                                                                         01022200000000000000102220000000000000       0090339900009954246155022215000045
100000000000000000000009033990000995400000000000000000000000010002020008878802221P00000000002            2  01088788022208022200000002811630000000001N010222000000000000000000000000000000000000000000000000000000000000000100008878832812LUIZ ANTONIO DE OLIVEIRA                RUA TORRINHA - 220 AP.132 - BAIRRO TATUA            03332010                                                            000047
2SR. CAIXA, APOS O VENCIMENTO COBRAR 2% DE MULTA                                 NAO RECEBER APOS 30 DIAS DO VENCIMENTO.                                                                                                                                                                                                         01022200000000000000102220000000000000       009033990000995408878802221P000048
100000000000000000000009033990000995400000000000000000000000010002020031473702221500000000002            2  01314737022208022200000002066520000000001N010222000000000000000000000000000000000000000000000000000000000000000100031473799813MURIEL DA SILVA DE MOURA SOUZA          RUA CAPITAO PAULINO FREIRE - 300 AP.014             08717100                                                            000050
2SR. CAIXA, APOS O VENCIMENTO COBRAR 2% DE MULTA                                 NAO RECEBER APOS 30 DIAS DO VENCIMENTO.                                                                                                                                                                                                         01022200000000000000102220000000000000       0090339900009954314737022215000051
100000000000000000000009033990000995400000000000000000000000010002020036949502221400000000002            2  01369495022208022200000002735780000000001N010222000000000000000000000000000000000000000000000000000000000000000100036949505833FELIPE APARECIDO DOS SANTOS             RUA DAS MIMOSAS - 67 CASA 09 - VILA LUCI            03144010                                                            000053
2SR. CAIXA, APOS O VENCIMENTO COBRAR 2% DE MULTA                                 NAO RECEBER APOS 30 DIAS DO VENCIMENTO.                                                                                                                                                                                                         01022200000000000000102220000000000000       0090339900009954369495022214000054
100000000000000000000009033990000995400000000000000000000000010002020008539302221100000000002            2  01085393022208022200000002795160000000001N010222000000000000000000000000000000000000000000000000000000000000000100008539365871EDMILSON RAIMUNDO DOS SANTOS            RUA CALIDICE - 247 - PARQUE CRUZEIRO - S            08070010                                                            000056
2SR. CAIXA, APOS O VENCIMENTO COBRAR 2% DE MULTA                                 NAO RECEBER APOS 30 DIAS DO VENCIMENTO.                                                                                                                                                                                                         01022200000000000000102220000000000000       0090339900009954085393022211000057
100000000000000000000009033990000995400000000000000000000000010002020031040902221000000000002            2  01310409022208022200000002879730000000001N010222000000000000000000000000000000000000000000000000000000000000000100031040952801ANDRESSA REGINA FAVERANI LUPPI          RUA AMALIA BELLOTTI PASTORELLO - 169 - T            11724030                                                            000059
2SR. CAIXA, APOS O VENCIMENTO COBRAR 2% DE MULTA                                 NAO RECEBER APOS 30 DIAS DO VENCIMENTO.                                                                                                                                                                                                         01022200000000000000102220000000000000       0090339900009954310409022210000060
9                                                                                                                                                                                                                                                                                                                                                                                                         000061