01REMESSA01COBRANCA       00000000000004991781AIRES CONSTRUTORA E INCORPORAD237BRADESCO       010717        MX0000085                                                                                                                                                                                                                                                                                     000001
100000000000000000000009077090006612500000000000000000000000010002100000000007911400000000002            2  01000000791110071700000002083950000000001N010717000000000000000000000000000000000000000000000000000000000000000100094852294887GISELDA MENON                           RUA OTAVIO BARRETO - 105 - VILA SANTISTA            02560080                                                            000002
2SR. CAIXA, APOS O VENCIMENTO COBRAR 10% DE MULTA                                NAO RECEBER APOS 30 DIAS DO VENCIMENTO.                                                                                                                                                                                                         01071700000000000000107170000000000000       0090770900066125000000079114000003
100000000000000000000009077090006612500000000000000000000000010002100000000028333100000000002            2  01000002833310071700000003196110000000001N010717000000000000000000000000000000000000000000000000000000000000000100006485911820CELIO MANUEL  MELIM SANTO               RUA JUVENAL FERREIRA  - 85 AP.61 - VILA             03512040                                                            000005
2SR. CAIXA, APOS O VENCIMENTO COBRAR 10% DE MULTA                                NAO RECEBER APOS 30 DIAS DO VENCIMENTO.                                                                                                                                                                                                         01071700000000000000107170000000000000       0090770900066125000000283331000006
100000000000000000000009077090006612500000000000000000000000010002100000000059366700000000002            2  01000005936610071700000002785640000000001N010717000000000000000000000000000000000000000000000000000000000000000100004693857823NIVALDO BARTOLOMEU FERREIRA             MNS JOSE MARINONI  - 33 - SANTO AMARO -             04430350                                                            000008
2SR. CAIXA, APOS O VENCIMENTO COBRAR 10% DE MULTA                                NAO RECEBER APOS 30 DIAS DO VENCIMENTO.                                                                                                                                                                                                         01071700000000000000107170000000000000       0090770900066125000000593667000009
100000000000000000000009077090006612500000000000000000000000010002100000000079688600000000002            2  01000007968810071700000002652560000000001N010717000000000000000000000000000000000000000000000000000000000000000100027993108853DALVA JESUS RODRIGUES CABRAL            RUA CRISTOVAO COLOMBO GONCALVES - 97 - C            04811050                                                            000011
2SR. CAIXA, APOS O VENCIMENTO COBRAR 10% DE MULTA                                NAO RECEBER APOS 30 DIAS DO VENCIMENTO.                                                                                                                                                                                                         01071700000000000000107170000000000000       0090770900066125000000796886000012
100000000000000000000009077090006612500000000000000000000000010002100000000083088P00000000002            2  01000008308810071700000002652560000000001N010717000000000000000000000000000000000000000000000000000000000000000100027993108853DALVA JESUS RODRIGUES CABRAL            RUA CRISTOVAO COLOMBO GONCALVES - 97 - C            04811050                                                            000014
2SR. CAIXA, APOS O VENCIMENTO COBRAR 10% DE MULTA                                NAO RECEBER APOS 30 DIAS DO VENCIMENTO.                                                                                                                                                                                                         01071700000000000000107170000000000000       009077090006612500000083088P000015
100000000000000000000009077090006612500000000000000000000000010002100000009991010300000000002            2  01000999101010071700000002755400000000001N010717000000000000000000000000000000000000000000000000000000000000000100000455495831PAULO HENRIQUE LOURENCO                 RUA FIGUEIRA  - 237 - CIDADE DAS FLORES             06184060                                                            000017
2SR. CAIXA, APOS O VENCIMENTO COBRAR 10% DE MULTA                                NAO RECEBER APOS 30 DIAS DO VENCIMENTO.                                                                                                                                                                                                         01071700000000000000107170000000000000       0090770900066125000099910103000018
100000000000000000000009077090006612500000000000000000000000010002100000019051919000000000002            2  01001905191910071700000003417090000000001N010717000000000000000000000000000000000000000000000000000000000000000100006140049857MARIA ALBANI DA SILVA EUSEBIO           RUA ORLANDO SEGALA - 108 - JARDIM ADRIAN            07135190                                                            000020
2SR. CAIXA, APOS O VENCIMENTO COBRAR 10% DE MULTA                                NAO RECEBER APOS 30 DIAS DO VENCIMENTO.                                                                                                                                                                                                         01071700000000000000107170000000000000       0090770900066125000190519190000021
100000000000000000000009077090006612500000000000000000000000010002100000031162931200000000002            2  01003116293110071700000003350820000000001N010717000000000000000000000000000000000000000000000000000000000000000100002324785897IZILDA NAPOLI                           RUA MONTE CASTELO - 295 AP.71 - AVIACAO             11702720                                                            000023
2SR. CAIXA, APOS O VENCIMENTO COBRAR 10% DE MULTA                                NAO RECEBER APOS 30 DIAS DO VENCIMENTO.                                                                                                                                                                                                         01071700000000000000107170000000000000       0090770900066125000311629312000024
100000000000000000000009077090006612500000000000000000000000010002100000036063136500000000002            2  01003606313610071700000003471170000000001N010717000000000000000000000000000000000000000000000000000000000000000100007768713826FATIMA LUZIA BIANCHI                    DR. OLIDAIR AMBROSIO - 1487 AP.03 - CENT            14160170                                                            000026
2SR. CAIXA, APOS O VENCIMENTO COBRAR 10% DE MULTA                                NAO RECEBER APOS 30 DIAS DO VENCIMENTO.                                                                                                                                                                                                         01071700000000000000107170000000000000       0090770900066125000360631365000027
100000000000000000000009077090006612500000000000000000000000010002100000038913639800000000002            2  01003891363910071700000003419630000000001N010717000000000000000000000000000000000000000000000000000000000000000100021716847800DANIELLE FAGUNDES DE A.MATOS            CONDE MOREIRA LIMA - 644 - JARDIM JABAQU            04384032                                                            000029
2SR. CAIXA, APOS O VENCIMENTO COBRAR 10% DE MULTA                                NAO RECEBER APOS 30 DIAS DO VENCIMENTO.                                                                                                                                                                                                         01071700000000000000107170000000000000       0090770900066125000389136398000030
100000000000000000000009077090006612500000000000000000000000010002100000041903842600000000002            2  01004190384210071700000002856910000000001N010717000000000000000000000000000000000000000000000000000000000000000100028196184808VANESSA NOGUEIRA CAMBUI DA SILVA        CRISTOVAO COLOMBO - 217 - VILA AMERICA -            09110160                                                            000032
2SR. CAIXA, APOS O VENCIMENTO COBRAR 10% DE MULTA                                NAO RECEBER APOS 30 DIAS DO VENCIMENTO.                                                                                                                                                                                                         01071700000000000000107170000000000000       0090770900066125000419038426000033
100000000000000000000009077090006612500000000000000000000000010002100000045814246P00000000002            2  01004581424610071700000003019140000000001N010717000000000000000000000000000000000000000000000000000000000000000100005678057863FABIO MOREIRA CAMPOS                    RUA FLORENCIO DA SILVA - 284 - VILA LIBA            03738070                                                            000035
2SR. CAIXA, APOS O VENCIMENTO COBRAR 10% DE MULTA                                NAO RECEBER APOS 30 DIAS DO VENCIMENTO.                                                                                                                                                                                                         01071700000000000000107170000000000000       009077090006612500045814246P000036
100000000000000000000009077090006612500000000000000000000000010002100000046774347600000000002            2  01004677434710071700000003048620000000001N010717000000000000000000000000000000000000000000000000000000000000000100007784496885GUILHERME LEONARDO DO NASCIMENTO        COMENDADOR RUBENS RONCARE - 127 - PONTE             11530120                                                            000038
2SR. CAIXA, APOS O VENCIMENTO COBRAR 10% DE MULTA                                NAO RECEBER APOS 30 DIAS DO VENCIMENTO.                                                                                                                                                                                                         01071700000000000000107170000000000000       0090770900066125000467743476000039
100000000000000000000009077090006612500000000000000000000000010002100000047724448600000000002            2  01004772444810071700000002945410000000001N010717000000000000000000000000000000000000000000000000000000000000000100016348237885AILTON LORENA                           AVENIDA BRASILIA - 194 - BELA VISTA - SA            09180260                                                            000041
2SR. CAIXA, APOS O VENCIMENTO COBRAR 10% DE MULTA                                NAO RECEBER APOS 30 DIAS DO VENCIMENTO.                                                                                                                                                                                                         01071700000000000000107170000000000000       0090770900066125000477244486000042
100000000000000000000009077090006612500000000000000000000000010002100000051564852900000000002            2  01005156485210071700000002842660000000001N010717000000000000000000000000000000000000000000000000000000000000000100081218486953OSMAR DA COSTA                          RUA MONTE CASTELO - 295 AP.33 - AVIACAO             11702720                                                            000044
2SR. CAIXA, APOS O VENCIMENTO COBRAR 10% DE MULTA                                NAO RECEBER APOS 30 DIAS DO VENCIMENTO.                                                                                                                                                                                                         01071700000000000000107170000000000000       0090770900066125000515648529000045
100000000000000000000009077090006612500000000000000000000000010002100000054575155300000000002            2  01005457515510071700000003228740000000001N010717000000000000000000000000000000000000000000000000000000000000000100004981884850SILVIO PAULINO GONCALVES                MARIA DE CASTRO MESQUITA - 84 AP.103 BLO            07110040                                                            000047
2SR. CAIXA, APOS O VENCIMENTO COBRAR 10% DE MULTA                                NAO RECEBER APOS 30 DIAS DO VENCIMENTO.                                                                                                                                                                                                         01071700000000000000107170000000000000       0090770900066125000545751553000048
100000000000000000000009077090006612500000000000000000000000010002100000055575256600000000002            2  01005557525610071700000002119350000000001N010717000000000000000000000000000000000000000000000000000000000000000100019282546837FABIO LEANDRO DE FREITAS ASSIS          RUA BASSIM NAGIB TRABULSI - 97 - PONTA D            11030540                                                            000050
2SR. CAIXA, APOS O VENCIMENTO COBRAR 10% DE MULTA                                NAO RECEBER APOS 30 DIAS DO VENCIMENTO.                                                                                                                                                                                                         01071700000000000000107170000000000000       0090770900066125000555752566000051
100000000000000000000009077090006612500000000000000000000000010002100000059415660100000000002            2  01005941566010071700000002945340000000001N010717000000000000000000000000000000000000000000000000000000000000000100008423485811EDSON LUIZ NUNES                        RUA NOEMIA PEDROSO BUENO - 41 - JARDIM G            09360440                                                            000053
2SR. CAIXA, APOS O VENCIMENTO COBRAR 10% DE MULTA                                NAO RECEBER APOS 30 DIAS DO VENCIMENTO.                                                                                                                                                                                                         01071700000000000000107170000000000000       0090770900066125000594156601000054
100000000000000000000009077090006612500000000000000000000000010002100000064146165500000000002            2  01006414616510071700000003408120000000001N010717000000000000000000000000000000000000000000000000000000000000000100003010502877GIZELA VIEIRA BARROS                    RUA GIACOMO DALCIN - 157 - MAUA - SAO CA            09580350                                                            000056
2SR. CAIXA, APOS O VENCIMENTO COBRAR 10% DE MULTA                                NAO RECEBER APOS 30 DIAS DO VENCIMENTO.                                                                                                                                                                                                         01071700000000000000107170000000000000       0090770900066125000641461655000057
100000000000000000000009077090006612500000000000000000000000010002100000069146670400000000002            2  01006914667010071700000002775140000000001N010717000000000000000000000000000000000000000000000000000000000000000100012111060801CLAUDIA CRISTINA CRELIS COSTA           RUA RUI BARBOSA - 1736 AP.1533 - VILA SA            19015001                                                            000059
2SR. CAIXA, APOS O VENCIMENTO COBRAR 10% DE MULTA                                NAO RECEBER APOS 30 DIAS DO VENCIMENTO.                                                                                                                                                                                                         01071700000000000000107170000000000000       0090770900066125000691466704000060
100000000000000000000009077090006612500000000000000000000000010002100000070066271600000000002            2  01007006627110071700000002672110000000001N010717000000000000000000000000000000000000000000000000000000000000000100009777281889CARLITA DE FIGUEIREDO CARVALHO          AVENIDA ALBERTO DE ALMEIDA VINHAS - 4462            11701350                                                            000062
2SR. CAIXA, APOS O VENCIMENTO COBRAR 10% DE MULTA                                NAO RECEBER APOS 30 DIAS DO VENCIMENTO.                                                                                                                                                                                                         01071700000000000000107170000000000000       0090770900066125000700662716000063
100000000000000000000009077090006612500000000000000000000000010002100000073086974900000000002            2  01007308697410071700000003173330000000001N010717000000000000000000000000000000000000000000000000000000000000000100004213020894ELIETE DRUGOVICH DE LIMA                RUA OSVALDO CRUZ - 141 AP.144-B - SANTA             09541270                                                            000065
2SR. CAIXA, APOS O VENCIMENTO COBRAR 10% DE MULTA                                NAO RECEBER APOS 30 DIAS DO VENCIMENTO.                                                                                                                                                                                                         01071700000000000000107170000000000000       0090770900066125000730869749000066
100000000000000000000009077090006612500000000000000000000000010002100000074997176500000000002            2  01007499717610071700000002421980000000001N010717000000000000000000000000000000000000000000000000000000000000000100085839817872MAURO CORREIA MARTINS                   RUA PROFESSOR JOSE AZEVEDO MINHOTO - 72             06114000                                                            000068
2SR. CAIXA, APOS O VENCIMENTO COBRAR 10% DE MULTA                                NAO RECEBER APOS 30 DIAS DO VENCIMENTO.                                                                                                                                                                                                         01071700000000000000107170000000000000       0090770900066125000749971765000069
100000000000000000000009077090006612500000000000000000000000010002100000078733480900000000002            2  01007873348010071700000002162930000000001N010717000000000000000000000000000000000000000000000000000000000000000100043122850800ANTONIO JOAQUIM GOES                    ANTONIO DOAS DA SILVA - 412 - VILA AMALI            02618110                                                            000071
2SR. CAIXA, APOS O VENCIMENTO COBRAR 10% DE MULTA                                NAO RECEBER APOS 30 DIAS DO VENCIMENTO.                                                                                                                                                                                                         01071700000000000000107170000000000000       0090770900066125000787334809000072
100000000000000000000009077090006612500000000000000000000000010002100000086438088600000000002            2  01008643808810071700000002839790000000001N010717000000000000000000000000000000000000000000000000000000000000000100003865776841FRANCISCO JOSE ROCCO                    RUA FABIO JOSE BEZERRA - 130 AP.86 - PAR            03805000                                                            000074
2SR. CAIXA, APOS O VENCIMENTO COBRAR 10% DE MULTA                                NAO RECEBER APOS 30 DIAS DO VENCIMENTO.                                                                                                                                                                                                         01071700000000000000107170000000000000       0090770900066125000864380886000075
100000000000000000000009077090006612500000000000000000000000010002100000091488393000000000002            2  01009148839310071700000002532440000000001N010717000000000000000000000000000000000000000000000000000000000000000100028309524803DEISE RIBEIRO BARBOSA                   RUA CANDIDO JOSE DE ANDRADE - 173 - ERME            03807030                                                            000077
2SR. CAIXA, APOS O VENCIMENTO COBRAR 10% DE MULTA                                NAO RECEBER APOS 30 DIAS DO VENCIMENTO.                                                                                                                                                                                                         01071700000000000000107170000000000000       0090770900066125000914883930000078
100000000000000000000009077090006612500000000000000000000000010002100000093498695700000000002            2  01009349869510071700000003005710000000001N010717000000000000000000000000000000000000000000000000000000000000000100011277908893JOSE AILTON LOPES DE AZEVEDO            RUA MAESTRO JOAO SEPE - 19 - JARDIM MARI            04181030                                                            000080
2SR. CAIXA, APOS O VENCIMENTO COBRAR 10% DE MULTA                                NAO RECEBER APOS 30 DIAS DO VENCIMENTO.                                                                                                                                                                                                         01071700000000000000107170000000000000       0090770900066125000934986957000081
100000000000000000000009077090006612500000000000000000000000010002100000097788999800000000002            2  01009778899910071700000002266710000000001N010717000000000000000000000000000000000000000000000000000000000000000100025215106886KLEBER LUIZ DOS SANTOS                  RUA CAPITAO JOSE MEIRELES - 47 - CAPITAO            11330180                                                            000083
2SR. CAIXA, APOS O VENCIMENTO COBRAR 10% DE MULTA                                NAO RECEBER APOS 30 DIAS DO VENCIMENTO.                                                                                                                                                                                                         01071700000000000000107170000000000000       0090770900066125000977889998000084
100000000000000000000009077090006612500000000000000000000000010002100001014793103200000000002            2  01101479310310071700000002531800000000001N010717000000000000000000000000000000000000000000000000000000000000000100090206789815NEREIDE RODRIGUES FERREIRA              AVENIDA PADRE ESTANISLAU DE CAMPOS - 205            03590060                                                            000086
2SR. CAIXA, APOS O VENCIMENTO COBRAR 10% DE MULTA                                NAO RECEBER APOS 30 DIAS DO VENCIMENTO.                                                                                                                                                                                                         01071700000000000000107170000000000000       0090770900066125010147931032000087
100000000000000000000009077090006612500000000000000000000000010002100001057497107P00000000002            2  01105749710710071700000002796300000000001N010717000000000000000000000000000000000000000000000000000000000000000100023027012835RUBEN ALBERTO DIAZ                      RUA MONTE CASTELO - 296 AP.104 - AVIACAO            11702720                                                            000089
2SR. CAIXA, APOS O VENCIMENTO COBRAR 10% DE MULTA                                NAO RECEBER APOS 30 DIAS DO VENCIMENTO.                                                                                                                                                                                                         01071700000000000000107170000000000000       009077090006612501057497107P000090
100000000000000000000009077090006612500000000000000000000000010002100010873100110100000000002            2  01108731001110071700000002963530000000001N010717000000000000000000000000000000000000000000000000000000000000000100029150742833ANA DEISE SANTOS DE ALMEIDA             RUA MONTE CASTELO - 296 AP.121 - AVIACAO            11702720                                                            000092
2SR. CAIXA, APOS O VENCIMENTO COBRAR 10% DE MULTA                                NAO RECEBER APOS 30 DIAS DO VENCIMENTO.                                                                                                                                                                                                         01071700000000000000107170000000000000       0090770900066125108731001101000093
100000000000000000000009077090006612500000000000000000000000010002100010975101111800000000002            2  01109751011110071700000002441010000000001N010717000000000000000000000000000000000000000000000000000000000000000100000811752801SERGIO BUENO DA SILVA                   RUA MONTE CASTELO - 262 AP.75 - AVIACAO             11702720                                                            000095
2SR. CAIXA, APOS O VENCIMENTO COBRAR 10% DE MULTA                                NAO RECEBER APOS 30 DIAS DO VENCIMENTO.                                                                                                                                                                                                         01071700000000000000107170000000000000       0090770900066125109751011118000096
100000000000000000000009077090006612500000000000000000000000010002100011281104115200000000002            2  01112811041110071700000002331900000000001N010717000000000000000000000000000000000000000000000000000000000000000100027100951810MARCIA RAMALHO RODRIGUES                RUA MONTE CASTELO - 296 AP.82 - AVIACAO             11702720                                                            000098
2SR. CAIXA, APOS O VENCIMENTO COBRAR 10% DE MULTA                                NAO RECEBER APOS 30 DIAS DO VENCIMENTO.                                                                                                                                                                                                         01071700000000000000107170000000000000       0090770900066125112811041152000099
100000000000000000000009077090006612500000000000000000000000010002100011571107118500000000002            2  01115711071110071700000003103020000000001N010717000000000000000000000000000000000000000000000000000000000000000100018344803888MARCELO BERNARDO                        RUA ESTONIA - 06 - INTERLAGOS - SAO PAUL            04785140                                                            000101
2SR. CAIXA, APOS O VENCIMENTO COBRAR 10% DE MULTA                                NAO RECEBER APOS 30 DIAS DO VENCIMENTO.                                                                                                                                                                                                         01071700000000000000107170000000000000       0090770900066125115711071185000102
100000000000000000000009077090006612500000000000000000000000010002100012581115128900000000002            2  01125811151210071700000002314050000000001N010717000000000000000000000000000000000000000000000000000000000000000100030210501820ROGERIO MUNIZ DA CUNHA                  RUA MONTE CASTELO - 296 AP.34 - AVIACAO             11702720                                                            000104
2SR. CAIXA, APOS O VENCIMENTO COBRAR 10% DE MULTA                                NAO RECEBER APOS 30 DIAS DO VENCIMENTO.                                                                                                                                                                                                         01071700000000000000107170000000000000       0090770900066125125811151289000105
100000000000000000000009077090006612500000000000000000000000010002100012789117130P00000000002            2  01127891171310071700000004350370000000001N010717000000000000000000000000000000000000000000000000000000000000000100004004328896VANDERLEI  MARTINS DE ALMEIDA           RUA MONSENHOR TABOSA - 03 - PARQUE CISPE            03819300                                                            000107
2SR. CAIXA, APOS O VENCIMENTO COBRAR 10% DE MULTA                                NAO RECEBER APOS 30 DIAS DO VENCIMENTO.                                                                                                                                                                                                         01071700000000000000107170000000000000       009077090006612512789117130P000108
100000000000000000000009077090006612500000000000000000000000010002100013224120135600000000002            2  01132241201310071700000002971440000000001N010717000000000000000000000000000000000000000000000000000000000000000100005133053860VICENTE ARCIPRETE JUNIOR                RUA JOSE SIMOES FERREIRA FILHO - 80 - JA            06040090                                                            000110
2SR. CAIXA, APOS O VENCIMENTO COBRAR 10% DE MULTA                                NAO RECEBER APOS 30 DIAS DO VENCIMENTO.                                                                                                                                                                                                         01071700000000000000107170000000000000       0090770900066125132241201356000111
100000000000000000000009077090006612500000000000000000000000010002100001381992141200000000002            2  01138199214110071700000000722740000000001N010717000000000000000000000000000000000000000000000000000000000000000100056660235868JOSE DA SILVA                           RUA MONTE CASTELO - 296 AP.32 - AVIACAO             11702720                                                            000113
2SR. CAIXA, APOS O VENCIMENTO COBRAR 10% DE MULTA                                NAO RECEBER APOS 30 DIAS DO VENCIMENTO.                                                                                                                                                                                                         01071700000000000000107170000000000000       0090770900066125013819921412000114
100000000000000000000009077090006612500000000000000000000000010002100013899124142000000000002            2  01138991241410071700000002624740000000001N010717000000000000000000000000000000000000000000000000000000000000000100016339432832ALEX MONTEIRO DA SILVA                  RUA IVA MOURA LIMA - 04 - JARDIM MIRNA I            04855540                                                            000116
2SR. CAIXA, APOS O VENCIMENTO COBRAR 10% DE MULTA                                NAO RECEBER APOS 30 DIAS DO VENCIMENTO.                                                                                                                                                                                                         01071700000000000000107170000000000000       0090770900066125138991241420000117
100000000000000000000009077090006612500000000000000000000000010002100013997125143400000000002            2  01139971251410071700000002680350000000001N010717000000000000000000000000000000000000000000000000000000000000000100031803864877ELEILSON FELIPPE SANTOS                 RUA SANTA GREGORIA - 193 - CIDADE DUTRA             04806030                                                            000119
2SR. CAIXA, APOS O VENCIMENTO COBRAR 10% DE MULTA                                NAO RECEBER APOS 30 DIAS DO VENCIMENTO.                                                                                                                                                                                                         01071700000000000000107170000000000000       0090770900066125139971251434000120
100000000000000000000009077090006612500000000000000000000000010002100014423127147800000000002            2  01144231271410071700000001844520000000001N010717000000000000000000000000000000000000000000000000000000000000000100026032632857MARILA LOPES PEREIRA                    RUA ESTRADA DO M BOI MIRIM - 820 BL.05 A            04905000                                                            000122
2SR. CAIXA, APOS O VENCIMENTO COBRAR 10% DE MULTA                                NAO RECEBER APOS 30 DIAS DO VENCIMENTO.                                                                                                                                                                                                         01071700000000000000107170000000000000       0090770900066125144231271478000123
100000000000000000000009077090006612500000000000000000000000010002100014521128148100000000002            2  01145211281410071700000003194150000000001N010717000000000000000000000000000000000000000000000000000000000000000100063064537849ANTONIO APARECIDO DA SILVA DESTEFANO    RUA PROFESSOR TEODORO BRAGA - 46 - VILA             02966020                                                            000125
2SR. CAIXA, APOS O VENCIMENTO COBRAR 10% DE MULTA                                NAO RECEBER APOS 30 DIAS DO VENCIMENTO.                                                                                                                                                                                                         01071700000000000000107170000000000000       0090770900066125145211281481000126
100000000000000000000009077090006612500000000000000000000000010002100014855130152400000000002            2  01148551301510071700000003060950000000001N010717000000000000000000000000000000000000000000000000000000000000000100010107711834VALDEMAR FECCHIO                        RUA DOUTOR MARTINS DE OLIVEIRA - 529 AP.            05638030                                                            000128
2SR. CAIXA, APOS O VENCIMENTO COBRAR 10% DE MULTA                                NAO RECEBER APOS 30 DIAS DO VENCIMENTO.                                                                                                                                                                                                         01071700000000000000107170000000000000       0090770900066125148551301524000129
100000000000000000000009077090006612500000000000000000000000010002100015199131156500000000002            2  01151991311510071700000003937740000000001N010717000000000000000000000000000000000000000000000000000000000000000100003330791837MARLI DA SILVA BARBOSA                  RUA GLICERIO CERQUEIRA LEITE - 151 - JAR            03675040                                                            000131
2SR. CAIXA, APOS O VENCIMENTO COBRAR 10% DE MULTA                                NAO RECEBER APOS 30 DIAS DO VENCIMENTO.                                                                                                                                                                                                         01071700000000000000107170000000000000       0090770900066125151991311565000132
100000000000000000000009077090006612500000000000000000000000010002100015400132158700000000002            2  01154001321510071700000001600640000000001N010717000000000000000000000000000000000000000000000000000000000000000100008931031874MARIA MARINHO DE OLIVEIRA               AVENIDA 9 DE JULHO - 1854 AP.81 - BELA V            01312001                                                            000134
2SR. CAIXA, APOS O VENCIMENTO COBRAR 10% DE MULTA                                NAO RECEBER APOS 30 DIAS DO VENCIMENTO.                                                                                                                                                                                                         01071700000000000000107170000000000000       0090770900066125154001321587000135
100000000000000000000009077090006612500000000000000000000000010002100015605134160300000000002            2  01156051341610071700000001859650000000001N010717000000000000000000000000000000000000000000000000000000000000000100005920579846SONIA MARIA VALDO POLLO                 RUA PALMIRA CERVI BARBARO - 797 - CIDADE            13214370                                                            000137
2SR. CAIXA, APOS O VENCIMENTO COBRAR 10% DE MULTA                                NAO RECEBER APOS 30 DIAS DO VENCIMENTO.                                                                                                                                                                                                         01071700000000000000107170000000000000       0090770900066125156051341603000138
100000000000000000000009077090006612500000000000000000000000010002100017885137181400000000002            2  01178851371810071700000002796070000000001N010717000000000000000000000000000000000000000000000000000000000000000100002494107881CIRO FRANCISCO MARCHI DURIGON           RUA MONTE CASTELO - 262 AP.115 - AVIACAO            11702720                                                            000140
2SR. CAIXA, APOS O VENCIMENTO COBRAR 10% DE MULTA                                NAO RECEBER APOS 30 DIAS DO VENCIMENTO.                                                                                                                                                                                                         01071700000000000000107170000000000000       0090770900066125178851371814000141
100000000000000000000009077090006612500000000000000000000000010002100019042150190000000000002            2  01190421501910071700000002748690000000001N010717000000000000000000000000000000000000000000000000000000000000000100007002345869DOMINGOS DE BRITO GALVAO                RUA MONTE CASTELO - 262 AP.44 - AVIACAO             11702720                                                            000143
2SR. CAIXA, APOS O VENCIMENTO COBRAR 10% DE MULTA                                NAO RECEBER APOS 30 DIAS DO VENCIMENTO.                                                                                                                                                                                                         01071700000000000000107170000000000000       0090770900066125190421501900000144
100000000000000000000009077090006612500000000000000000000000010002100019695155195800000000002            2  01196951551910071700000001144980000000001N010717000000000000000000000000000000000000000000000000000000000000000100009346863862NELSON DE SOUZA SANTOS                  RUA PRIMEIRA CRUZ - 90 - PARQUE INDEPEND            03236060                                                            000146
2SR. CAIXA, APOS O VENCIMENTO COBRAR 10% DE MULTA                                NAO RECEBER APOS 30 DIAS DO VENCIMENTO.                                                                                                                                                                                                         01071700000000000000107170000000000000       0090770900066125196951551958000147
100000000000000000000009077090006612500000000000000000000000010002100020048157198900000000002            2  01200481571910071700000002649710000000001N010717000000000000000000000000000000000000000000000000000000000000000100016299008857FERNANDO CESAR CARVALHO                 AVENIDA MARCONDES DE BRITO - 1340 AP.74             03509000                                                            000149
2SR. CAIXA, APOS O VENCIMENTO COBRAR 10% DE MULTA                                NAO RECEBER APOS 30 DIAS DO VENCIMENTO.                                                                                                                                                                                                         01071700000000000000107170000000000000       0090770900066125200481571989000150
100000000000000000000009077090006612500000000000000000000000010002100002251775219P00000000002            2  01225177521910071700000002662570000000001N010717000000000000000000000000000000000000000000000000000000000000000100031082898880VANESSA DOS SANTOS NEIVA                RUA MONTE CASTELO - 296 AP.33 - BAIRRO A            11702720                                                            000152
2SR. CAIXA, APOS O VENCIMENTO COBRAR 10% DE MULTA                                NAO RECEBER APOS 30 DIAS DO VENCIMENTO.                                                                                                                                                                                                         01071700000000000000107170000000000000       009077090006612502251775219P000153
100000000000000000000009077090006612500000000000000000000000010002100026873143250900000000002            2  01268731432510071700000001621140000000001N010717000000000000000000000000000000000000000000000000000000000000000100065895304834MARINHO BARBOSA CUNHA                   AVENIDA EDU CHAVES - 639 AP.43 - PARQUE             02229000                                                            000155
2SR. CAIXA, APOS O VENCIMENTO COBRAR 10% DE MULTA                                NAO RECEBER APOS 30 DIAS DO VENCIMENTO.                                                                                                                                                                                                         01071700000000000000107170000000000000       0090770900066125268731432509000156
9                                                                                                                                                                                                                                                                                                                                                                                                         000157