01REMESSA01COBRANCA       00000000000005316116AIRES CONSTRUTORA E INCORPORAD237BRADESCO       080322        MX0000190                                                                                                                                                                                                                                                                                     000001
100000000000000000000009002800441612000000000000000000000000010002100000666303221700000000002            2  01006663032225032200000003931220000000001N070322000000000000000000000000000000000000000000000000000000000000000100000666344825LUIZ HENRIQUE DE CAMPOS                 RUA JOAO CARLOS CAVALCANTI REIS - 21 - J            02281206                                                            000002
2SR. CAIXA, APOS O VENCIMENTO COBRAR 10% DE MULTA                                NAO RECEBER APOS 30 DIAS DO VENCIMENTO.                                                                                                                                                                                                         08032200000000000000803220000000000000       0090028004416120006663032217000003
100000000000000000000009002800441612000000000000000000000000010002100029155003221700000000002            2  01291550032225032200000004151480000000001N070322000000000000000000000000000000000000000000000000000000000000000100029155026842DANIELA YOSHIDA                         RUA MONTE CASTELO - 262 AP.34 - AVIACAO             11702720                                                            000005
2SR. CAIXA, APOS O VENCIMENTO COBRAR 10% DE MULTA                                NAO RECEBER APOS 30 DIAS DO VENCIMENTO.                                                                                                                                                                                                         08032200000000000000803220000000000000       0090028004416120291550032217000006
100000000000000000000009002800441612000000000000000000000000010002100001204403221000000000002            2  01012044032225032200000003380840000000001N070322000000000000000000000000000000000000000000000000000000000000000100001204431809CEZAR TALAVERA JUNIOR                   RUA MAESTRO ARTURO DE ANGELIS  - 190 AP.            05139010                                                            000008
2SR. CAIXA, APOS O VENCIMENTO COBRAR 10% DE MULTA                                NAO RECEBER APOS 30 DIAS DO VENCIMENTO.                                                                                                                                                                                                         08032200000000000000803220000000000000       0090028004416120012044032210000009
100000000000000000000009002800441612000000000000000000000000010002100004227503221P00000000002            2  01042275032225032200000004382580000000001N070322000000000000000000000000000000000000000000000000000000000000000100004227553970ALESSANDRO ISRAEL GOULART               RUA PROFESSORA CARLINDA RIBEIRO - 21 - F            02866200                                                            000011
2SR. CAIXA, APOS O VENCIMENTO COBRAR 10% DE MULTA                                NAO RECEBER APOS 30 DIAS DO VENCIMENTO.                                                                                                                                                                                                         08032200000000000000803220000000000000       009002800441612004227503221P000012
100000000000000000000009002800441612000000000000000000000000010002100001024703221300000000002            2  01010247032225032200000003821990000000001N070322000000000000000000000000000000000000000000000000000000000000000100001024794881CLAUDIO RODRIGUES                       RUA ARACATUBA - 242 - LAPA - SAO PAULO -            05058010                                                            000014
2SR. CAIXA, APOS O VENCIMENTO COBRAR 10% DE MULTA                                NAO RECEBER APOS 30 DIAS DO VENCIMENTO.                                                                                                                                                                                                         08032200000000000000803220000000000000       0090028004416120010247032213000015
100000000000000000000009002800441612000000000000000000000000010002100002225003221400000000002            2  01022250032225032200000005859630000000001N070322000000000000000000000000000000000000000000000000000000000000000100002225072841PEDRO EDUARDO DE AZEVEDO                RUA NATH ZILMAN - 46 - JARDIM SAMAMBAIA             07623085                                                            000017
2SR. CAIXA, APOS O VENCIMENTO COBRAR 10% DE MULTA                                NAO RECEBER APOS 30 DIAS DO VENCIMENTO.                                                                                                                                                                                                         08032200000000000000803220000000000000       0090028004416120022250032214000018
100000000000000000000009002800441612000000000000000000000000010002100022037503221200000000002            2  01220375032225032200000004077650000000001N070322000000000000000000000000000000000000000000000000000000000000000100022037552882ANDREIA CRISTINA FERNANDES DANTAS       PCA CASTRO ALVES - 163 AP.33 - VILA SAO             13224299                                                            000020
2SR. CAIXA, APOS O VENCIMENTO COBRAR 10% DE MULTA                                NAO RECEBER APOS 30 DIAS DO VENCIMENTO.                                                                                                                                                                                                         08032200000000000000803220000000000000       0090028004416120220375032212000021
100000000000000000000009002800441612000000000000000000000000010002100027198403221400000000002            2  01271984032225032200000002812330000000001N070322000000000000000000000000000000000000000000000000000000000000000100027198452809CRISTIANE AURELIANO DA SILVA MAIA       RUA MONTE CASTELO - 262 AP.25 - AVIACAO             11702720                                                            000023
2SR. CAIXA, APOS O VENCIMENTO COBRAR 10% DE MULTA                                NAO RECEBER APOS 30 DIAS DO VENCIMENTO.                                                                                                                                                                                                         08032200000000000000803220000000000000       0090028004416120271984032214000024
100000000000000000000009002800441612000000000000000000000000010002100021246203221800000000002            2  01212462032225032200000003432190000000001N070322000000000000000000000000000000000000000000000000000000000000000100021246231840ALEXANDRO DA CUNHA MIGUES               RUA DULCE - 71  - VILA CARRAO - SAO PAUL            03427040                                                            000026
2SR. CAIXA, APOS O VENCIMENTO COBRAR 10% DE MULTA                                NAO RECEBER APOS 30 DIAS DO VENCIMENTO.                                                                                                                                                                                                         08032200000000000000803220000000000000       0090028004416120212462032218000027
100000000000000000000009002800441612000000000000000000000000010002100018470503221800000000002            2  01184705032225032200000005049250000000001N070322000000000000000000000000000000000000000000000000000000000000000100018470520881SILVANA ALVES DE OLIVEIRA               RUA MONTE CASTELO - 262 AP.91 - AVIACAO             11702720                                                            000029
2SR. CAIXA, APOS O VENCIMENTO COBRAR 10% DE MULTA                                NAO RECEBER APOS 30 DIAS DO VENCIMENTO.                                                                                                                                                                                                         08032200000000000000803220000000000000       0090028004416120184705032218000030
100000000000000000000009002800441612000000000000000000000000010002100009297503221800000000002            2  01092975032225032200000003515220000000001N070322000000000000000000000000000000000000000000000000000000000000000100009297523846MARCOS ROBERTO DE CASTRO FERREIRA       RUA MONTE CASTELO - 262 AP.105 - AVIACAO            11702720                                                            000032
2SR. CAIXA, APOS O VENCIMENTO COBRAR 10% DE MULTA                                NAO RECEBER APOS 30 DIAS DO VENCIMENTO.                                                                                                                                                                                                         08032200000000000000803220000000000000       0090028004416120092975032218000033
100000000000000000000009002800441612000000000000000000000000010002100001164103221700000000002            2  01011641032225032200000004356170000000001N070322000000000000000000000000000000000000000000000000000000000000000100001164158864DAVID BLEY LACERDA                      RUA CONEGO ARAUJO MARCONDES - 188 - BAIR            02550080                                                            000035
2SR. CAIXA, APOS O VENCIMENTO COBRAR 10% DE MULTA                                NAO RECEBER APOS 30 DIAS DO VENCIMENTO.                                                                                                                                                                                                         08032200000000000000803220000000000000       0090028004416120011641032217000036
100000000000000000000009002800441612000000000000000000000000010002100031498003221000000000002            2  01314980032225032200000005294290000000001N070322000000000000000000000000000000000000000000000000000000000000000100031498008895POLIANE  SIBELE DA SILVA                PRACA GENERAL COSTA BARRETO - 56 AP.181             03325070                                                            000038
2SR. CAIXA, APOS O VENCIMENTO COBRAR 10% DE MULTA                                NAO RECEBER APOS 30 DIAS DO VENCIMENTO.                                                                                                                                                                                                         08032200000000000000803220000000000000       0090028004416120314980032210000039
100000000000000000000009002800441612000000000000000000000000010002100000588103221400000000002            2  01005881032225032200000003105210000000001N070322000000000000000000000000000000000000000000000000000000000000000100000588109860JOSE LIARTE GIANTE                      AVENIDA LUIZ GONZAGA DO AMARAL - 143 - J            09320630                                                            000041
2SR. CAIXA, APOS O VENCIMENTO COBRAR 10% DE MULTA                                NAO RECEBER APOS 30 DIAS DO VENCIMENTO.                                                                                                                                                                                                         08032200000000000000803220000000000000       0090028004416120005881032214000042
100000000000000000000009002800441612000000000000000000000000010002100014386803221700000000002            2  01143868032225032200000002484040000000001N070322000000000000000000000000000000000000000000000000000000000000000100014386860134SEVERINO CARLOS DE OLIVEIRA             RUA MONTE CASTELO - 262 AP.54 - AVIACAO             11702720                                                            000044
2SR. CAIXA, APOS O VENCIMENTO COBRAR 10% DE MULTA                                NAO RECEBER APOS 30 DIAS DO VENCIMENTO.                                                                                                                                                                                                         08032200000000000000803220000000000000       0090028004416120143868032217000045
100000000000000000000009002800441612000000000000000000000000010002100039393703221200000000002            2  01393937032225032200000001712050000000001N070322000000000000000000000000000000000000000000000000000000000000000100039393790850NAIRON RICARDO DE ARAUJO SANTOS         RUA NITEROI - 267 CASA 04 - JARDIM INDEP            11380350                                                            000047
2SR. CAIXA, APOS O VENCIMENTO COBRAR 10% DE MULTA                                NAO RECEBER APOS 30 DIAS DO VENCIMENTO.                                                                                                                                                                                                         08032200000000000000803220000000000000       0090028004416120393937032212000048
100000000000000000000009002800441612000000000000000000000000010002100019288703221000000000002            2  01192887032225032200000002305650000000001N070322000000000000000000000000000000000000000000000000000000000000000100019288787844EMERSON LUIZ MARTINEZ PEREIRA           RUA MONTE CASTELO - 296 AP.74 - AVIACAO             11702720                                                            000050
2SR. CAIXA, APOS O VENCIMENTO COBRAR 10% DE MULTA                                NAO RECEBER APOS 30 DIAS DO VENCIMENTO.                                                                                                                                                                                                         08032200000000000000803220000000000000       0090028004416120192887032210000051
9                                                                                                                                                                                                                                                                                                                                                                                                         000052