01REMESSA01COBRANCA       00000000000004991454AIRES CONSTRUTORA E INCORPORAD237BRADESCO       010120        MX0000089                                                                                                                                                                                                                                                                                     000001
100000000000000000000009077090001674800000000000000000000000010002100094852201201300000000002            2  01948522012010012000000002421950000000001N010120000000000000000000000000000000000000000000000000000000000000000100094852294887GISELDA MENON                           RUA OTAVIO BARRETO - 105 - VILA SANTISTA            02560080                                                            000002
2SR. CAIXA, APOS O VENCIMENTO COBRAR 10% DE MULTA                                NAO RECEBER APOS 30 DIAS DO VENCIMENTO.                                                                                                                                                                                                         01012000000000000000101200000000000000       0090770900016748948522012013000003
100000000000000000000009077090001674800000000000000000000000010002100006485901201P00000000002            2  01064859012010012000000003714510000000001N010120000000000000000000000000000000000000000000000000000000000000000100006485911820CELIO MANUEL  MELIM SANTO               RUA JUVENAL FERREIRA  - 85 AP.61 - VILA             03512040                                                            000005
2SR. CAIXA, APOS O VENCIMENTO COBRAR 10% DE MULTA                                NAO RECEBER APOS 30 DIAS DO VENCIMENTO.                                                                                                                                                                                                         01012000000000000000101200000000000000       009077090001674806485901201P000006
100000000000000000000009077090001674800000000000000000000000010002100004693801201900000000002            2  01046938012010012000000003237470000000001N010120000000000000000000000000000000000000000000000000000000000000000100004693857823NIVALDO BARTOLOMEU FERREIRA             MNS JOSE MARINONI  - 33 - SANTO AMARO -             04430350                                                            000008
2SR. CAIXA, APOS O VENCIMENTO COBRAR 10% DE MULTA                                NAO RECEBER APOS 30 DIAS DO VENCIMENTO.                                                                                                                                                                                                         01012000000000000000101200000000000000       0090770900016748046938012019000009
100000000000000000000009077090001674800000000000000000000000010002100000455401201700000000002            2  01004554012010012000000003202300000000001N010120000000000000000000000000000000000000000000000000000000000000000100000455495831PAULO HENRIQUE LOURENCO                 RUA FIGUEIRA  - 237 - CIDADE DAS FLORES             06184060                                                            000011
2SR. CAIXA, APOS O VENCIMENTO COBRAR 10% DE MULTA                                NAO RECEBER APOS 30 DIAS DO VENCIMENTO.                                                                                                                                                                                                         01012000000000000000101200000000000000       0090770900016748004554012017000012
100000000000000000000009077090001674800000000000000000000000010002100006140001201800000000002            2  01061400012010012000000003971290000000001N010120000000000000000000000000000000000000000000000000000000000000000100006140049857MARIA ALBANI DA SILVA EUSEBIO           RUA ORLANDO SEGALA - 108 - JARDIM ADRIAN            07135190                                                            000014
2SR. CAIXA, APOS O VENCIMENTO COBRAR 10% DE MULTA                                NAO RECEBER APOS 30 DIAS DO VENCIMENTO.                                                                                                                                                                                                         01012000000000000000101200000000000000       0090770900016748061400012018000015
100000000000000000000009077090001674800000000000000000000000010002100007768701201700000000002            2  01077687012010012000000004034160000000001N010120000000000000000000000000000000000000000000000000000000000000000100007768713826FATIMA LUZIA BIANCHI                    RUA MONTE CASTELO - 295 AP.121 - AVIACAO            11702720                                                            000017
2SR. CAIXA, APOS O VENCIMENTO COBRAR 10% DE MULTA                                NAO RECEBER APOS 30 DIAS DO VENCIMENTO.                                                                                                                                                                                                         01012000000000000000101200000000000000       0090770900016748077687012017000018
100000000000000000000009077090001674800000000000000000000000010002100021716801201400000000002            2  01217168012010012000000003974270000000001N010120000000000000000000000000000000000000000000000000000000000000000100021716847800ANDRE LUIZ FAGUNDES DE A.MATOS          ABRAAO MIGUEL DO CARMO - 113 AP.64 - VIL            04306090                                                            000020
2SR. CAIXA, APOS O VENCIMENTO COBRAR 10% DE MULTA                                NAO RECEBER APOS 30 DIAS DO VENCIMENTO.                                                                                                                                                                                                         01012000000000000000101200000000000000       0090770900016748217168012014000021
100000000000000000000009077090001674800000000000000000000000010002100085416901201800000000002            2  01854169012010012000000003369070000000001N010120000000000000000000000000000000000000000000000000000000000000000100085416940891ANTONIO DE SOUSA MENDES                 RUA MONTE CASTELO - 296 AP.52 - AVIACAO             11702720                                                            000023
2SR. CAIXA, APOS O VENCIMENTO COBRAR 10% DE MULTA                                NAO RECEBER APOS 30 DIAS DO VENCIMENTO.                                                                                                                                                                                                         01012000000000000000101200000000000000       0090770900016748854169012018000024
100000000000000000000009077090001674800000000000000000000000010002100005678001201100000000002            2  01056780012010012000000003508810000000001N010120000000000000000000000000000000000000000000000000000000000000000100005678057863FABIO MOREIRA CAMPOS                    RUA FLORENCIO DA SILVA - 284 - VILA LIBA            03738070                                                            000026
2SR. CAIXA, APOS O VENCIMENTO COBRAR 10% DE MULTA                                NAO RECEBER APOS 30 DIAS DO VENCIMENTO.                                                                                                                                                                                                         01012000000000000000101200000000000000       0090770900016748056780012011000027
100000000000000000000009077090001674800000000000000000000000010002100016348201201800000000002            2  01163482012010012000000003423100000000001N010120000000000000000000000000000000000000000000000000000000000000000100016348237885AILTON LORENA                           AVENIDA BRASILIA - 194 - BELA VISTA - SA            09180260                                                            000029
2SR. CAIXA, APOS O VENCIMENTO COBRAR 10% DE MULTA                                NAO RECEBER APOS 30 DIAS DO VENCIMENTO.                                                                                                                                                                                                         01012000000000000000101200000000000000       0090770900016748163482012018000030
100000000000000000000009077090001674800000000000000000000000010002100081218401201100000000002            2  01812184012010012000000003303720000000001N010120000000000000000000000000000000000000000000000000000000000000000100081218486953OSMAR DA COSTA - A/C RITA GONCALVES     AVENIDA ALMEIDA JUNIOR - 717 - SAMAMBAIA            11713050                                                            000032
2SR. CAIXA, APOS O VENCIMENTO COBRAR 10% DE MULTA                                NAO RECEBER APOS 30 DIAS DO VENCIMENTO.                                                                                                                                                                                                         01012000000000000000101200000000000000       0090770900016748812184012011000033
100000000000000000000009077090001674800000000000000000000000010002100004981801201400000000002            2  01049818012010012000000003752430000000001N010120000000000000000000000000000000000000000000000000000000000000000100004981884850SILVIO PAULINO GONCALVES                MARIA DE CASTRO MESQUITA - 84 AP.103 BLO            07110040                                                            000035
2SR. CAIXA, APOS O VENCIMENTO COBRAR 10% DE MULTA                                NAO RECEBER APOS 30 DIAS DO VENCIMENTO.                                                                                                                                                                                                         01012000000000000000101200000000000000       0090770900016748049818012014000036
100000000000000000000009077090001674800000000000000000000000010002100019282501201900000000002            2  01192825012010012000000002463070000000001N010120000000000000000000000000000000000000000000000000000000000000000100019282546837FABIO LEANDRO DE FREITAS ASSIS          RUA BASSIM NAGIB TRABULSI - 97 - PONTA D            11030540                                                            000038
2SR. CAIXA, APOS O VENCIMENTO COBRAR 10% DE MULTA                                NAO RECEBER APOS 30 DIAS DO VENCIMENTO.                                                                                                                                                                                                         01012000000000000000101200000000000000       0090770900016748192825012019000039
100000000000000000000009077090001674800000000000000000000000010002100008423401201200000000002            2  01084234012010012000000003423030000000001N010120000000000000000000000000000000000000000000000000000000000000000100008423485811EDSON LUIZ NUNES                        RUA NOEMIA PEDROSO BUENO - 41 - JARDIM G            09360440                                                            000041
2SR. CAIXA, APOS O VENCIMENTO COBRAR 10% DE MULTA                                NAO RECEBER APOS 30 DIAS DO VENCIMENTO.                                                                                                                                                                                                         01012000000000000000101200000000000000       0090770900016748084234012012000042
100000000000000000000009077090001674800000000000000000000000010002100003865701201700000000002            2  01038657012010012000000003300400000000001N010120000000000000000000000000000000000000000000000000000000000000000100003865776841FRANCISCO JOSE ROCCO                    RUA FABIO JOSE BEZERRA - 130 AP.86 - PAR            03805000                                                            000044
2SR. CAIXA, APOS O VENCIMENTO COBRAR 10% DE MULTA                                NAO RECEBER APOS 30 DIAS DO VENCIMENTO.                                                                                                                                                                                                         01012000000000000000101200000000000000       0090770900016748038657012017000045
100000000000000000000009077090001674800000000000000000000000010002100028309501201300000000002            2  01283095012010012000000002943180000000001N010120000000000000000000000000000000000000000000000000000000000000000100028309524803DEISE RIBEIRO BARBOSA                   RUA CANDIDO JOSE DE ANDRADE - 173 - ERME            03807030                                                            000047
2SR. CAIXA, APOS O VENCIMENTO COBRAR 10% DE MULTA                                NAO RECEBER APOS 30 DIAS DO VENCIMENTO.                                                                                                                                                                                                         01012000000000000000101200000000000000       0090770900016748283095012013000048
100000000000000000000009077090001674800000000000000000000000010002100011277901201300000000002            2  01112779012010012000000003493230000000001N010120000000000000000000000000000000000000000000000000000000000000000100011277908893JOSE AILTON LOPES DE AZEVEDO            RUA MAESTRO JOAO SEPE - 19 - JARDIM MARI            04181030                                                            000050
2SR. CAIXA, APOS O VENCIMENTO COBRAR 10% DE MULTA                                NAO RECEBER APOS 30 DIAS DO VENCIMENTO.                                                                                                                                                                                                         01012000000000000000101200000000000000       0090770900016748112779012013000051
100000000000000000000009077090001674800000000000000000000000010002100025215101201000000000002            2  01252151012010012000000002634330000000001N010120000000000000000000000000000000000000000000000000000000000000000100025215106886KLEBER LUIZ DOS SANTOS                  RUA MONTE CASTELO - 262 AP.15 - AVIACAO             11702720                                                            000053
2SR. CAIXA, APOS O VENCIMENTO COBRAR 10% DE MULTA                                NAO RECEBER APOS 30 DIAS DO VENCIMENTO.                                                                                                                                                                                                         01012000000000000000101200000000000000       0090770900016748252151012010000054
100000000000000000000009077090001674800000000000000000000000010002100090206701201800000000002            2  01902067012010012000000002942450000000001N010120000000000000000000000000000000000000000000000000000000000000000100090206789815NEREIDE RODRIGUES FERREIRA              AVENIDA PADRE ESTANISLAU DE CAMPOS - 205            03590060                                                            000056
2SR. CAIXA, APOS O VENCIMENTO COBRAR 10% DE MULTA                                NAO RECEBER APOS 30 DIAS DO VENCIMENTO.                                                                                                                                                                                                         01012000000000000000101200000000000000       0090770900016748902067012018000057
100000000000000000000009077090001674800000000000000000000000010002100029150701201600000000002            2  01291507012010012000000003444180000000001N010120000000000000000000000000000000000000000000000000000000000000000100029150742833ANA DEISE SANTOS DE ALMEIDA             RUA MONTE CASTELO - 296 AP.121 - AVIACAO            11702720                                                            000059
2SR. CAIXA, APOS O VENCIMENTO COBRAR 10% DE MULTA                                NAO RECEBER APOS 30 DIAS DO VENCIMENTO.                                                                                                                                                                                                         01012000000000000000101200000000000000       0090770900016748291507012016000060
100000000000000000000009077090001674800000000000000000000000010002100000811701201100000000002            2  01008117012010012000000002836900000000001N010120000000000000000000000000000000000000000000000000000000000000000100000811752801SERGIO BUENO DA SILVA                   RUA MONTE CASTELO - 262 AP.75 - AVIACAO             11702720                                                            000062
2SR. CAIXA, APOS O VENCIMENTO COBRAR 10% DE MULTA                                NAO RECEBER APOS 30 DIAS DO VENCIMENTO.                                                                                                                                                                                                         01012000000000000000101200000000000000       0090770900016748008117012011000063
100000000000000000000009077090001674800000000000000000000000010002100018344801201800000000002            2  01183448012010012000000013401810000000001N010120000000000000000000000000000000000000000000000000000000000000000100018344803888MARCELO BERNARDO                        RUA MONTE CASTELO - 262 AP.84 - AVIACAO             11702720                                                            000065
2SR. CAIXA, APOS O VENCIMENTO COBRAR 10% DE MULTA                                NAO RECEBER APOS 30 DIAS DO VENCIMENTO.                                                                                                                                                                                                         01012000000000000000101200000000000000       0090770900016748183448012018000066
100000000000000000000009077090001674800000000000000000000000010002100004004301201500000000002            2  01040043012010012000000005055940000000001N010120000000000000000000000000000000000000000000000000000000000000000100004004328896VANDERLEI  MARTINS DE ALMEIDA           RUA MONSENHOR TABOSA - 03 - PARQUE CISPE            03819300                                                            000068
2SR. CAIXA, APOS O VENCIMENTO COBRAR 10% DE MULTA                                NAO RECEBER APOS 30 DIAS DO VENCIMENTO.                                                                                                                                                                                                         01012000000000000000101200000000000000       0090770900016748040043012015000069
100000000000000000000009077090001674800000000000000000000000010002100016339401201600000000002            2  01163394012010012000000003050440000000001N010120000000000000000000000000000000000000000000000000000000000000000100016339432832ALEX MONTEIRO DA SILVA                  RUA IVA MOURA LIMA - 04 - JARDIM MIRNA I            04855540                                                            000071
2SR. CAIXA, APOS O VENCIMENTO COBRAR 10% DE MULTA                                NAO RECEBER APOS 30 DIAS DO VENCIMENTO.                                                                                                                                                                                                         01012000000000000000101200000000000000       0090770900016748163394012016000072
100000000000000000000009077090001674800000000000000000000000010002100031803801201300000000002            2  01318038012010012000000003115110000000001N010120000000000000000000000000000000000000000000000000000000000000000100031803864877ELEILSON FELIPPE SANTOS                 RUA SANTA GREGORIA - 193 - CIDADE DUTRA             04806030                                                            000074
2SR. CAIXA, APOS O VENCIMENTO COBRAR 10% DE MULTA                                NAO RECEBER APOS 30 DIAS DO VENCIMENTO.                                                                                                                                                                                                         01012000000000000000101200000000000000       0090770900016748318038012013000075
100000000000000000000009077090001674800000000000000000000000010002100026032601201100000000002            2  01260326012010012000000002143710000000001N010120000000000000000000000000000000000000000000000000000000000000000100026032632857MARILA LOPES PEREIRA                    AVENIDA LUIZ GISHOKEM - 1761 AP.13 BL.05            05831315                                                            000077
2SR. CAIXA, APOS O VENCIMENTO COBRAR 10% DE MULTA                                NAO RECEBER APOS 30 DIAS DO VENCIMENTO.                                                                                                                                                                                                         01012000000000000000101200000000000000       0090770900016748260326012011000078
100000000000000000000009077090001674800000000000000000000000010002100063064501201800000000002            2  01630645012010012000000003712220000000001N010120000000000000000000000000000000000000000000000000000000000000000100063064537849ANTONIO APARECIDO DA SILVA DESTEFANO    RUA PROFESSOR TEODORO BRAGA - 46 - VILA             02966020                                                            000080
2SR. CAIXA, APOS O VENCIMENTO COBRAR 10% DE MULTA                                NAO RECEBER APOS 30 DIAS DO VENCIMENTO.                                                                                                                                                                                                         01012000000000000000101200000000000000       0090770900016748630645012018000081
100000000000000000000009077090001674800000000000000000000000010002100010107701201300000000002            2  01101077012010012000000003557410000000001N010120000000000000000000000000000000000000000000000000000000000000000100010107711834VALDEMAR FECCHIO                        RUA DEPUTADO EMILIO CARLOS - 355 AP.21-B            06028010                                                            000083
2SR. CAIXA, APOS O VENCIMENTO COBRAR 10% DE MULTA                                NAO RECEBER APOS 30 DIAS DO VENCIMENTO.                                                                                                                                                                                                         01012000000000000000101200000000000000       0090770900016748101077012013000084
100000000000000000000009077090001674800000000000000000000000010002100003330701201200000000002            2  01033307012010012000000004576410000000001N010120000000000000000000000000000000000000000000000000000000000000000100003330791837MARLI DA SILVA BARBOSA                  RUA GLICERIO CERQUEIRA LEITE - 151 - JAR            03675040                                                            000086
2SR. CAIXA, APOS O VENCIMENTO COBRAR 10% DE MULTA                                NAO RECEBER APOS 30 DIAS DO VENCIMENTO.                                                                                                                                                                                                         01012000000000000000101200000000000000       0090770900016748033307012012000087
100000000000000000000009077090001674800000000000000000000000010002100008931001201000000000002            2  01089310012010012000000001860240000000001N010120000000000000000000000000000000000000000000000000000000000000000100008931031874BENEVENUTO THEODORO DA SILVA NETO       RUA MONTE CASTELO - 296 AP.63 - AVIACAO             11702720                                                            000089
2SR. CAIXA, APOS O VENCIMENTO COBRAR 10% DE MULTA                                NAO RECEBER APOS 30 DIAS DO VENCIMENTO.                                                                                                                                                                                                         01012000000000000000101200000000000000       0090770900016748089310012010000090
100000000000000000000009077090001674800000000000000000000000010002100005920501201700000000002            2  01059205012010012000000013385800000000001N010120000000000000000000000000000000000000000000000000000000000000000100005920579846SONIA MARIA VALDO POLLO                 RUA PALMIRA CERVI BARBARO - 797 - CIDADE            13214370                                                            000092
2SR. CAIXA, APOS O VENCIMENTO COBRAR 10% DE MULTA                                NAO RECEBER APOS 30 DIAS DO VENCIMENTO.                                                                                                                                                                                                         01012000000000000000101200000000000000       0090770900016748059205012017000093
100000000000000000000009077090001674800000000000000000000000010002100005920501202500000000002            2  01059205012010012000000002161280000000001N010120000000000000000000000000000000000000000000000000000000000000000100005920579846SONIA MARIA VALDO POLLO                 RUA PALMIRA CERVI BARBARO - 797 - CIDADE            13214370                                                            000095
2SR. CAIXA, APOS O VENCIMENTO COBRAR 10% DE MULTA                                NAO RECEBER APOS 30 DIAS DO VENCIMENTO.                                                                                                                                                                                                         01012000000000000000101200000000000000       0090770900016748059205012025000096
100000000000000000000009077090001674800000000000000000000000010002100002494101201800000000002            2  01024941012010012000000003249570000000001N010120000000000000000000000000000000000000000000000000000000000000000100002494107881CIRO FRANCISCO MARCHI DURIGON           RUA MONTE CASTELO - 262 AP.115 - AVIACAO            11702720                                                            000098
2SR. CAIXA, APOS O VENCIMENTO COBRAR 10% DE MULTA                                NAO RECEBER APOS 30 DIAS DO VENCIMENTO.                                                                                                                                                                                                         01012000000000000000101200000000000000       0090770900016748024941012018000099
100000000000000000000009077090001674800000000000000000000000010002100007002301201500000000002            2  01070023012010012000000003194490000000001N010120000000000000000000000000000000000000000000000000000000000000000100007002345869DOMINGOS DE BRITO GALVAO                RUA MONTE CASTELO - 262 AP.44 - AVIACAO             11702720                                                            000101
2SR. CAIXA, APOS O VENCIMENTO COBRAR 10% DE MULTA                                NAO RECEBER APOS 30 DIAS DO VENCIMENTO.                                                                                                                                                                                                         01012000000000000000101200000000000000       0090770900016748070023012015000102
100000000000000000000009077090001674800000000000000000000000010002100016299001201900000000002            2  01162990012010012000000003079490000000001N010120000000000000000000000000000000000000000000000000000000000000000100016299008857FERNANDO CESAR CARVALHO                 AVENIDA MARCONDES DE BRITO - 1340 AP.74             03509000                                                            000104
2SR. CAIXA, APOS O VENCIMENTO COBRAR 10% DE MULTA                                NAO RECEBER APOS 30 DIAS DO VENCIMENTO.                                                                                                                                                                                                         01012000000000000000101200000000000000       0090770900016748162990012019000105
100000000000000000000009077090001674800000000000000000000000010002100031082801201200000000002            2  01310828012010012000000003094420000000001N010120000000000000000000000000000000000000000000000000000000000000000100031082898880VANESSA DOS SANTOS NEIVA                RUA MONTE CASTELO - 296 AP.33 - BAIRRO A            11702720                                                            000107
2SR. CAIXA, APOS O VENCIMENTO COBRAR 10% DE MULTA                                NAO RECEBER APOS 30 DIAS DO VENCIMENTO.                                                                                                                                                                                                         01012000000000000000101200000000000000       0090770900016748310828012012000108
100000000000000000000009077090001674800000000000000000000000010002100065895301201200000000002            2  01658953012010012000000001884050000000001N010120000000000000000000000000000000000000000000000000000000000000000100065895304834MARINHO BARBOSA CUNHA                   AVENIDA EDU CHAVES - 639 AP.43 - PARQUE             02229000                                                            000110
2SR. CAIXA, APOS O VENCIMENTO COBRAR 10% DE MULTA                                NAO RECEBER APOS 30 DIAS DO VENCIMENTO.                                                                                                                                                                                                         01012000000000000000101200000000000000       0090770900016748658953012012000111
9                                                                                                                                                                                                                                                                                                                                                                                                         000112