01REMESSA01COBRANCA       00000000000005331186HB SANTOS CONSTRUTORA E INCORP237BRADESCO       070224        MX0000091                                                                                                                                                                                                                                                                                     000001
100000000000000000000009033990000995400000000000000000000000010002020005723202241200000000002            2  01057232022423022400000003272890000000001N060224000000000000000000000000000000000000000000000000000000000000000100005723255843FRANCISCO DE ASSIS DA SILVA             PRACA NICOLAU GERAIGIRE - 25 VISOR - JAR            11095110                                                            000002
2SR. CAIXA, APOS O VENCIMENTO COBRAR 2% DE MULTA                                 NAO RECEBER APOS 30 DIAS DO VENCIMENTO.                                                                                                                                                                                                         07022400000000000000702240000000000000       0090339900009954057232022412000003
100000000000000000000009033990000995400000000000000000000000010002020032589102241600000000002            2  01325891022423022400000003096820000000001N060224000000000000000000000000000000000000000000000000000000000000000100032589165862RENATA ISABEL MARTINS SILVA             RUA HERCULANO DE FREITAS - 257 - FUNDACA            09520280                                                            000005
2SR. CAIXA, APOS O VENCIMENTO COBRAR 2% DE MULTA                                 NAO RECEBER APOS 30 DIAS DO VENCIMENTO.                                                                                                                                                                                                         07022400000000000000702240000000000000       0090339900009954325891022416000006
100000000000000000000009033990000995400000000000000000000000010002020046391202241500000000002            2  01463912022423022400000003247400000000001N060224000000000000000000000000000000000000000000000000000000000000000100046391265810PAMELLA RODRIGUES DE OLIVEIRA           RUA AUGUSTA - 183 AP.301 BL.2A - VILA AU            07025130                                                            000008
2SR. CAIXA, APOS O VENCIMENTO COBRAR 2% DE MULTA                                 NAO RECEBER APOS 30 DIAS DO VENCIMENTO.                                                                                                                                                                                                         07022400000000000000702240000000000000       0090339900009954463912022415000009
100000000000000000000009033990000995400000000000000000000000010002020027964502241300000000002            2  01279645022423022400000003226560000000001N060224000000000000000000000000000000000000000000000000000000000000000100027964512838FABIO TADEU DE CAMPOS RADZIAVICIUS      RUA URUGUAI - 89 AP.94 - JARDIM GUILHERM            11702300                                                            000011
2SR. CAIXA, APOS O VENCIMENTO COBRAR 2% DE MULTA                                 NAO RECEBER APOS 30 DIAS DO VENCIMENTO.                                                                                                                                                                                                         07022400000000000000702240000000000000       0090339900009954279645022413000012
100000000000000000000009033990000995400000000000000000000000010002020011498302241100000000002            2  01114983022423022400000002417410000000001N060224000000000000000000000000000000000000000000000000000000000000000100011498329837GERSON GERALDO DAS NEVES                RUA DOMINGOS DELGADO - 144 - VILA SOUZA             02881070                                                            000014
2SR. CAIXA, APOS O VENCIMENTO COBRAR 2% DE MULTA                                 NAO RECEBER APOS 30 DIAS DO VENCIMENTO.                                                                                                                                                                                                         07022400000000000000702240000000000000       0090339900009954114983022411000015
100000000000000000000009033990000995400000000000000000000000010002020025214402241800000000002            2  01252144022423022400000002861460000000001N060224000000000000000000000000000000000000000000000000000000000000000100025214401833JOSE MAURICIO DOS SANTOS RODRIGUES      RUA JOAO DE MACEDO RIBEIRO - 49 - VILA N            08111101                                                            000017
2SR. CAIXA, APOS O VENCIMENTO COBRAR 2% DE MULTA                                 NAO RECEBER APOS 30 DIAS DO VENCIMENTO.                                                                                                                                                                                                         07022400000000000000702240000000000000       0090339900009954252144022418000018
100000000000000000000009033990000995400000000000000000000000010002020033119102241500000000002            2  01331191022423022400000002873570000000001N060224000000000000000000000000000000000000000000000000000000000000000100033119178802HUGO GOMES VENDRAME                     RUA SAO PAULO - 60 CASA 01 - VILA FREITA            06380110                                                            000020
2SR. CAIXA, APOS O VENCIMENTO COBRAR 2% DE MULTA                                 NAO RECEBER APOS 30 DIAS DO VENCIMENTO.                                                                                                                                                                                                         07022400000000000000702240000000000000       0090339900009954331191022415000021
100000000000000000000009033990000995400000000000000000000000010002020016631502241800000000002            2  01166315022423022400000002923730000000001N060224000000000000000000000000000000000000000000000000000000000000000100016631587468GILBERTO BEZERRA DA SILVA               AVENIDA JAIME TORRES - 745 CASA 3 - JARD            03670000                                                            000023
2SR. CAIXA, APOS O VENCIMENTO COBRAR 2% DE MULTA                                 NAO RECEBER APOS 30 DIAS DO VENCIMENTO.                                                                                                                                                                                                         07022400000000000000702240000000000000       0090339900009954166315022418000024
100000000000000000000009033990000995400000000000000000000000010002020007313202241000000000002            2  01073132022423022400000002902970000000001N060224000000000000000000000000000000000000000000000000000000000000000100007313251840SALVADOR GESUALDO PULVIRENTI            AVENIDA MARARI - 641 - VILA MARARI - SAO            04402010                                                            000026
2SR. CAIXA, APOS O VENCIMENTO COBRAR 2% DE MULTA                                 NAO RECEBER APOS 30 DIAS DO VENCIMENTO.                                                                                                                                                                                                         07022400000000000000702240000000000000       0090339900009954073132022410000027
100000000000000000000009033990000995400000000000000000000000010002020010676702241200000000002            2  01106767022423022400000003030000000000001N060224000000000000000000000000000000000000000000000000000000000000000100010676723896MERCEDES CRISTINA ROCHA SANDOVAL        RUA URUGUAI - 89 AP.83 - JARDIM GUILHERM            11702300                                                            000029
2SR. CAIXA, APOS O VENCIMENTO COBRAR 2% DE MULTA                                 NAO RECEBER APOS 30 DIAS DO VENCIMENTO.                                                                                                                                                                                                         07022400000000000000702240000000000000       0090339900009954106767022412000030
100000000000000000000009033990000995400000000000000000000000010002020009502802241000000000002            2  01095028022423022400000003164330000000001N060224000000000000000000000000000000000000000000000000000000000000000100009502844831CLAUDIA ROCHA SANDOVAL                  RUA URUGUAI - 89 AP.64 - JARDIM GUILHERM            11702300                                                            000032
2SR. CAIXA, APOS O VENCIMENTO COBRAR 2% DE MULTA                                 NAO RECEBER APOS 30 DIAS DO VENCIMENTO.                                                                                                                                                                                                         07022400000000000000702240000000000000       0090339900009954095028022410000033
100000000000000000000009033990000995400000000000000000000000010002020007594202241P00000000002            2  01075942022423022400000002840720000000001N060224000000000000000000000000000000000000000000000000000000000000000100007594247809JOSE LUIS DE OLIVEIRA                   DONA EGLANTINA PENTEADO DA SILVA PRADO -            13044162                                                            000035
2SR. CAIXA, APOS O VENCIMENTO COBRAR 2% DE MULTA                                 NAO RECEBER APOS 30 DIAS DO VENCIMENTO.                                                                                                                                                                                                         07022400000000000000702240000000000000       009033990000995407594202241P000036
100000000000000000000009033990000995400000000000000000000000010002020005288702241300000000002            2  01052887022423022400000002926230000000001N060224000000000000000000000000000000000000000000000000000000000000000100005288796858MARCELO RODRIGUES FERREIRA              RUA MARCOS ANTONIO MARQUES - 302 - JARDI            06433020                                                            000038
2SR. CAIXA, APOS O VENCIMENTO COBRAR 2% DE MULTA                                 NAO RECEBER APOS 30 DIAS DO VENCIMENTO.                                                                                                                                                                                                         07022400000000000000702240000000000000       0090339900009954052887022413000039
100000000000000000000009033990000995400000000000000000000000010002020015835902241200000000002            2  01158359022423022400000003047230000000001N060224000000000000000000000000000000000000000000000000000000000000000100015835992823FLAVIO VERONEZ                          RUA ANDREA PAULINETTI - 127 AP.42 - BAIR            04707050                                                            000041
2SR. CAIXA, APOS O VENCIMENTO COBRAR 2% DE MULTA                                 NAO RECEBER APOS 30 DIAS DO VENCIMENTO.                                                                                                                                                                                                         07022400000000000000702240000000000000       0090339900009954158359022412000042
100000000000000000000009033990000995400000000000000000000000010002020000438102241000000000002            2  01004381022423022400000003439490000000001N060224000000000000000000000000000000000000000000000000000000000000000100000438161858WAGNECY VILLA NOVA LIEN                 RUA PROFESSOR FERREIRA PAULINO - 233 AP.            07025020                                                            000044
2SR. CAIXA, APOS O VENCIMENTO COBRAR 2% DE MULTA                                 NAO RECEBER APOS 30 DIAS DO VENCIMENTO.                                                                                                                                                                                                         07022400000000000000702240000000000000       0090339900009954004381022410000045
100000000000000000000009033990000995400000000000000000000000010002020026004502241700000000002            2  01260045022423022400000003047270000000001N060224000000000000000000000000000000000000000000000000000000000000000100026004595888EDIVALDO BEZERRA DA SILVA               AVENIDA GUATEMALA - 550 - JARDIM PINHEIR            09854750                                                            000047
2SR. CAIXA, APOS O VENCIMENTO COBRAR 2% DE MULTA                                 NAO RECEBER APOS 30 DIAS DO VENCIMENTO.                                                                                                                                                                                                         07022400000000000000702240000000000000       0090339900009954260045022417000048
100000000000000000000009033990000995400000000000000000000000010002020012470702241100000000002            2  01124707022423022400000003251230000000001N060224000000000000000000000000000000000000000000000000000000000000000100012470771870HILTON FERNANDES OLIVARES               RUA PATIO DA ESTACAO - 115 - BAIRRO CENT            09450000                                                            000050
2SR. CAIXA, APOS O VENCIMENTO COBRAR 2% DE MULTA                                 NAO RECEBER APOS 30 DIAS DO VENCIMENTO.                                                                                                                                                                                                         07022400000000000000702240000000000000       0090339900009954124707022411000051
100000000000000000000009033990000995400000000000000000000000010002020014025402241000000000002            2  01140254022423022400000003564880000000001N060224000000000000000000000000000000000000000000000000000000000000000100014025420899ANDREIA APARECIDA TAVARES BASTOS        RUA IBATIBA - 234 CASA 27 - RES.BOUGANVI            09220608                                                            000053
2SR. CAIXA, APOS O VENCIMENTO COBRAR 2% DE MULTA                                 NAO RECEBER APOS 30 DIAS DO VENCIMENTO.                                                                                                                                                                                                         07022400000000000000702240000000000000       0090339900009954140254022410000054
100000000000000000000009033990000995400000000000000000000000010002020018590002241P00000000002            2  01185900022423022400000003228530000000001N060224000000000000000000000000000000000000000000000000000000000000000100018590038858JOSE SANDRO ROCHA SILVA                 RUA SANTO ANTONIO DO AVENTUREIRO - 216 A            07143040                                                            000056
2SR. CAIXA, APOS O VENCIMENTO COBRAR 2% DE MULTA                                 NAO RECEBER APOS 30 DIAS DO VENCIMENTO.                                                                                                                                                                                                         07022400000000000000702240000000000000       009033990000995418590002241P000057
100000000000000000000009033990000995400000000000000000000000010002020088578702241800000000002            2  01885787022423022400000002656620000000001N060224000000000000000000000000000000000000000000000000000000000000000100088578704800GILBERTO DO ESPIRITO SANTO SILVA        RUA URUGUAI - 89 AP.23 - JARDIM GUILHERM            11702300                                                            000059
2SR. CAIXA, APOS O VENCIMENTO COBRAR 2% DE MULTA                                 NAO RECEBER APOS 30 DIAS DO VENCIMENTO.                                                                                                                                                                                                         07022400000000000000702240000000000000       0090339900009954885787022418000060
100000000000000000000009033990000995400000000000000000000000010002020020792702241500000000002            2  01207927022423022400000003293930000000001N060224000000000000000000000000000000000000000000000000000000000000000120792791000147TROVAO COMERCIO DE ALIMENTOS LTDA-ME    RUA QUINTA DA MAGNOLIA - 67 - JARDIM IPA            03582100                                                            000062
2SR. CAIXA, APOS O VENCIMENTO COBRAR 2% DE MULTA                                 NAO RECEBER APOS 30 DIAS DO VENCIMENTO.                                                                                                                                                                                                         07022400000000000000702240000000000000       0090339900009954207927022415000063
100000000000000000000009033990000995400000000000000000000000010002020007648102241900000000002            2  01076481022423022400000003092990000000001N060224000000000000000000000000000000000000000000000000000000000000000100007648112825MARA REGINA CAPRIO                      RUA DA TRINDADE - 790 - VILA IDEAL - SAO            15060280                                                            000065
2SR. CAIXA, APOS O VENCIMENTO COBRAR 2% DE MULTA                                 NAO RECEBER APOS 30 DIAS DO VENCIMENTO.                                                                                                                                                                                                         07022400000000000000702240000000000000       0090339900009954076481022419000066
100000000000000000000009033990000995400000000000000000000000010002020031157402241800000000002            2  01311574022423022400000003321130000000001N060224000000000000000000000000000000000000000000000000000000000000000100031157420885TALITA ANICHIARICO COSSI                RUA CNEO POMPEO DE CAMARGO - 817 - JARDI            13060150                                                            000068
2SR. CAIXA, APOS O VENCIMENTO COBRAR 2% DE MULTA                                 NAO RECEBER APOS 30 DIAS DO VENCIMENTO.                                                                                                                                                                                                         07022400000000000000702240000000000000       0090339900009954311574022418000069
100000000000000000000009033990000995400000000000000000000000010002020035572502241200000000002            2  01355725022423022400000003531100000000001N060224000000000000000000000000000000000000000000000000000000000000000100035572536865MARIA SIMONE SANTOS                     RUA JOSE PEZZOLO - 68 - VILA ELDIZIA - S            09181660                                                            000071
2SR. CAIXA, APOS O VENCIMENTO COBRAR 2% DE MULTA                                 NAO RECEBER APOS 30 DIAS DO VENCIMENTO.                                                                                                                                                                                                         07022400000000000000702240000000000000       0090339900009954355725022412000072
100000000000000000000009033990000995400000000000000000000000010002020008800302241P00000000002            2  01088003022423022400000003217310000000001N060224000000000000000000000000000000000000000000000000000000000000000100008800368425INGO DIMITRI PEREIRA DA NOBREGA         RUA PROFESSOR MENDES PIMENTEL - 362 - JA            03973010                                                            000074
2SR. CAIXA, APOS O VENCIMENTO COBRAR 2% DE MULTA                                 NAO RECEBER APOS 30 DIAS DO VENCIMENTO.                                                                                                                                                                                                         07022400000000000000702240000000000000       009033990000995408800302241P000075
100000000000000000000009033990000995400000000000000000000000010002020005054102241400000000002            2  01050541022423022400000003113530000000001N060224000000000000000000000000000000000000000000000000000000000000000100005054169806PAULO ROBERTO DE MATTOS                 JARDIM BOTANICO - 849 - DISTRITO DE SOUS            13106258                                                            000077
2SR. CAIXA, APOS O VENCIMENTO COBRAR 2% DE MULTA                                 NAO RECEBER APOS 30 DIAS DO VENCIMENTO.                                                                                                                                                                                                         07022400000000000000702240000000000000       0090339900009954050541022414000078
100000000000000000000009033990000995400000000000000000000000010002020007552102241000000000002            2  01075521022423022400000003113530000000001N060224000000000000000000000000000000000000000000000000000000000000000100007552151846MAURO BORDONI                           AVENIDA DR. AUGUSTO DE TOLEDO - 769 AP.6            09540080                                                            000080
2SR. CAIXA, APOS O VENCIMENTO COBRAR 2% DE MULTA                                 NAO RECEBER APOS 30 DIAS DO VENCIMENTO.                                                                                                                                                                                                         07022400000000000000702240000000000000       0090339900009954075521022410000081
100000000000000000000009033990000995400000000000000000000000010002020012744202241300000000002            2  01127442022423022400000003464270000000001N060224000000000000000000000000000000000000000000000000000000000000000100012744201804ADAIL JOSE DE SOUSA                     RUA ROSARIA - 303 - BAIRRO SACADURA CABR            09061080                                                            000083
2SR. CAIXA, APOS O VENCIMENTO COBRAR 2% DE MULTA                                 NAO RECEBER APOS 30 DIAS DO VENCIMENTO.                                                                                                                                                                                                         07022400000000000000702240000000000000       0090339900009954127442022413000084
100000000000000000000009033990000995400000000000000000000000010002020068320602241000000000002            2  01683206022423022400000012268630000000001N060224000000000000000000000000000000000000000000000000000000000000000100068320663849ANTONIO CAVALCANTE LIMA                 RUA AMAZONAS - 1188 - CENTRO - SAO CAETA            09540201                                                            000086
2SR. CAIXA, APOS O VENCIMENTO COBRAR 2% DE MULTA                                 NAO RECEBER APOS 30 DIAS DO VENCIMENTO.                                                                                                                                                                                                         07022400000000000000702240000000000000       0090339900009954683206022410000087
100000000000000000000009033990000995400000000000000000000000010002020088926202241200000000002            2  01889262022423022400000002577340000000001N060224000000000000000000000000000000000000000000000000000000000000000100088926230872VALDEMAR LATANCE FILHO                  RUA MELO PINTO DA SILVA - 111 CASA 103 -            18116265                                                            000089
2SR. CAIXA, APOS O VENCIMENTO COBRAR 2% DE MULTA                                 NAO RECEBER APOS 30 DIAS DO VENCIMENTO.                                                                                                                                                                                                         07022400000000000000702240000000000000       0090339900009954889262022412000090
100000000000000000000009033990000995400000000000000000000000010002020004195302241P00000000002            2  01041953022423022400000003363850000000001N060224000000000000000000000000000000000000000000000000000000000000000100004195345804LUIZ CARLOS SILVESTRE                   RUA CONDE VICENTE AZEVEDO - 377 - BAIRRO            04264000                                                            000092
2SR. CAIXA, APOS O VENCIMENTO COBRAR 2% DE MULTA                                 NAO RECEBER APOS 30 DIAS DO VENCIMENTO.                                                                                                                                                                                                         07022400000000000000702240000000000000       009033990000995404195302241P000093
9                                                                                                                                                                                                                                                                                                                                                                                                         000094