01REMESSA01COBRANCA       00000000000005331186HB SANTOS CONSTRUTORA E INCORP237BRADESCO       011222        MX0000061                                                                                                                                                                                                                                                                                     000001
100000000000000000000009033990000995400000000000000000000000010002020026858612221000000000002            2  01268586122208122200000002940170000000001N011222000000000000000000000000000000000000000000000000000000000000000100026858625879GLAUCE FERREIRA DE OLIVEIRA FALSI       RUA LOURENCO ANTONIO BRAGANCA - 116 - JA            04403160                                                            000002
2SR. CAIXA, APOS O VENCIMENTO COBRAR 2% DE MULTA                                 NAO RECEBER APOS 30 DIAS DO VENCIMENTO.                                                                                                                                                                                                         01122200000000000000112220000000000000       0090339900009954268586122210000003
100000000000000000000009033990000995400000000000000000000000010002020016960812221100000000002            2  01169608122208122200000002807370000000001N011222000000000000000000000000000000000000000000000000000000000000000100016960804876LUIZ ALVES DE SOUZA JUNIOR              RUA URUGUAI - 89 AP.61 - JARDIM GUILHERM            11702300                                                            000005
2SR. CAIXA, APOS O VENCIMENTO COBRAR 2% DE MULTA                                 NAO RECEBER APOS 30 DIAS DO VENCIMENTO.                                                                                                                                                                                                         01122200000000000000112220000000000000       0090339900009954169608122211000006
100000000000000000000009033990000995400000000000000000000000010002020029425012221300000000002            2  01294250122208122200000002796100000000001N011222000000000000000000000000000000000000000000000000000000000000000100029425027897FABIA DOS SANTOS DE ANDRADE             AVENIDA ALCIDES CANDIDO DOS SANTOS - 248            11705480                                                            000008
2SR. CAIXA, APOS O VENCIMENTO COBRAR 2% DE MULTA                                 NAO RECEBER APOS 30 DIAS DO VENCIMENTO.                                                                                                                                                                                                         01122200000000000000112220000000000000       0090339900009954294250122213000009
100000000000000000000009033990000995400000000000000000000000010002020078382712221900000000002            2  01783827122208122200000002825600000000001N011222000000000000000000000000000000000000000000000000000000000000000100078382700497JARMELINA BARBOSA DA SILVA              RUA OSCAR CINTRA GORDINHO - 211 AP.51 -             01512010                                                            000011
2SR. CAIXA, APOS O VENCIMENTO COBRAR 2% DE MULTA                                 NAO RECEBER APOS 30 DIAS DO VENCIMENTO.                                                                                                                                                                                                         01122200000000000000112220000000000000       0090339900009954783827122219000012
100000000000000000000009033990000995400000000000000000000000010002020007535312221800000000002            2  01075353122208122200000002770850000000001N011222000000000000000000000000000000000000000000000000000000000000000100007535375839AINAILDE PEREIRA DE CASTRO OLIVETTO     TRAVESSA DORALINA ELIETE ADAO DA SILVA -            08021026                                                            000014
2SR. CAIXA, APOS O VENCIMENTO COBRAR 2% DE MULTA                                 NAO RECEBER APOS 30 DIAS DO VENCIMENTO.                                                                                                                                                                                                         01122200000000000000112220000000000000       0090339900009954075353122218000015
100000000000000000000009033990000995400000000000000000000000010002020017229712221300000000002            2  01172297122208122200000002935110000000001N011222000000000000000000000000000000000000000000000000000000000000000100017229751802BERENICE VIEIRA KERSTING                RUA ATIBAIA - 17 AP.417 - BAIRRO IMPERAD            11707380                                                            000017
2SR. CAIXA, APOS O VENCIMENTO COBRAR 2% DE MULTA                                 NAO RECEBER APOS 30 DIAS DO VENCIMENTO.                                                                                                                                                                                                         01122200000000000000112220000000000000       0090339900009954172297122213000018
100000000000000000000009033990000995400000000000000000000000010002020028974212221500000000002            2  01289742122208122200000002741330000000001N011222000000000000000000000000000000000000000000000000000000000000000100028974233827MARISTELA FAVANI DE OLIVEIRA            RUA GIUSEPPE CARNEVALLI - 96 - BAIRRO BO            09572100                                                            000020
2SR. CAIXA, APOS O VENCIMENTO COBRAR 2% DE MULTA                                 NAO RECEBER APOS 30 DIAS DO VENCIMENTO.                                                                                                                                                                                                         01122200000000000000112220000000000000       0090339900009954289742122215000021
100000000000000000000009033990000995400000000000000000000000010002020092184812221200000000002            2  01921848122208122200000002704850000000001N011222000000000000000000000000000000000000000000000000000000000000000100092184804800CARMEM DO SOCORRO GUILHERME             ESTRADA SAO FRANCISCO - 1.850 AP.182A -             06765000                                                            000023
2SR. CAIXA, APOS O VENCIMENTO COBRAR 2% DE MULTA                                 NAO RECEBER APOS 30 DIAS DO VENCIMENTO.                                                                                                                                                                                                         01122200000000000000112220000000000000       0090339900009954921848122212000024
100000000000000000000009033990000995400000000000000000000000010002020009169712221200000000002            2  01091697122208122200000002169300000000001N011222000000000000000000000000000000000000000000000000000000000000000100009169701830TADEU CONSTANTINO LOPES                 RUA JOSE ANTONIO COELHO - 349 CASA 01 -             04011061                                                            000026
2SR. CAIXA, APOS O VENCIMENTO COBRAR 2% DE MULTA                                 NAO RECEBER APOS 30 DIAS DO VENCIMENTO.                                                                                                                                                                                                         01122200000000000000112220000000000000       0090339900009954091697122212000027
100000000000000000000009033990000995400000000000000000000000010002020009169712222000000000002            2  01091697122208122200000002169290000000001N011222000000000000000000000000000000000000000000000000000000000000000100009169701830TADEU CONSTANTINO LOPES                 RUA JOSE ANTONIO COELHO - 349 CASA 01 -             04011061                                                            000029
2SR. CAIXA, APOS O VENCIMENTO COBRAR 2% DE MULTA                                 NAO RECEBER APOS 30 DIAS DO VENCIMENTO.                                                                                                                                                                                                         01122200000000000000112220000000000000       0090339900009954091697122220000030
100000000000000000000009033990000995400000000000000000000000010002020042480112221000000000002            2  01424801122208122200000002759580000000001N011222000000000000000000000000000000000000000000000000000000000000000100042480155870JAMITRE SOIOMARA ALVES DO NASCIMENTO DAVRUA URUGUAI - 89 AP.75 - JARDIM GUILHERM            11702300                                                            000032
2SR. CAIXA, APOS O VENCIMENTO COBRAR 2% DE MULTA                                 NAO RECEBER APOS 30 DIAS DO VENCIMENTO.                                                                                                                                                                                                         01122200000000000000112220000000000000       0090339900009954424801122210000033
100000000000000000000009033990000995400000000000000000000000010002020008966512221600000000002            2  01089665122208122200000002607350000000001N011222000000000000000000000000000000000000000000000000000000000000000100008966511856MONICA SILVA REIS                       RUA ORATORIO - 264 E FUNDOS - BANGU - SA            09280550                                                            000035
2SR. CAIXA, APOS O VENCIMENTO COBRAR 2% DE MULTA                                 NAO RECEBER APOS 30 DIAS DO VENCIMENTO.                                                                                                                                                                                                         01122200000000000000112220000000000000       0090339900009954089665122216000036
100000000000000000000009033990000995400000000000000000000000010002020001356912221700000000002            2  01013569122208122200000002800660000000001N011222000000000000000000000000000000000000000000000000000000000000000100001356993800DALVA MARIA DOS SANTOS                  RUA URUGUAI - 89 AP.74 - AVIACAO - PRAIA            11702300                                                            000038
2SR. CAIXA, APOS O VENCIMENTO COBRAR 2% DE MULTA                                 NAO RECEBER APOS 30 DIAS DO VENCIMENTO.                                                                                                                                                                                                         01122200000000000000112220000000000000       0090339900009954013569122217000039
100000000000000000000009033990000995400000000000000000000000010002020024615512221P00000000002            2  01246155122208122200000003194030000000001N011222000000000000000000000000000000000000000000000000000000000000000100024615557884GILBERTO JOSE GONSALES                  RUA URUGUAI - 89 AP.115 - JARDIM GUILHER            11702300                                                            000041
2SR. CAIXA, APOS O VENCIMENTO COBRAR 2% DE MULTA                                 NAO RECEBER APOS 30 DIAS DO VENCIMENTO.                                                                                                                                                                                                         01122200000000000000112220000000000000       009033990000995424615512221P000042
100000000000000000000009033990000995400000000000000000000000010002020008878812221400000000002            2  01088788122208122200000003071720000000001N011222000000000000000000000000000000000000000000000000000000000000000100008878832812LUIZ ANTONIO DE OLIVEIRA                RUA TORRINHA - 220 AP.132 - BAIRRO TATUA            03332010                                                            000044
2SR. CAIXA, APOS O VENCIMENTO COBRAR 2% DE MULTA                                 NAO RECEBER APOS 30 DIAS DO VENCIMENTO.                                                                                                                                                                                                         01122200000000000000112220000000000000       0090339900009954088788122214000045
100000000000000000000009033990000995400000000000000000000000010002020031473712221P00000000002            2  01314737122208122200000002257680000000001N011222000000000000000000000000000000000000000000000000000000000000000100031473799813MURIEL DA SILVA DE MOURA SOUZA          RUA CAPITAO PAULINO FREIRE - 300 AP.014             08717100                                                            000047
2SR. CAIXA, APOS O VENCIMENTO COBRAR 2% DE MULTA                                 NAO RECEBER APOS 30 DIAS DO VENCIMENTO.                                                                                                                                                                                                         01122200000000000000112220000000000000       009033990000995431473712221P000048
100000000000000000000009033990000995400000000000000000000000010002020036949512221900000000002            2  01369495122208122200000002988850000000001N011222000000000000000000000000000000000000000000000000000000000000000100036949505833FELIPE APARECIDO DOS SANTOS             RUA DAS MIMOSAS - 67 CASA 09 - VILA LUCI            03144010                                                            000050
2SR. CAIXA, APOS O VENCIMENTO COBRAR 2% DE MULTA                                 NAO RECEBER APOS 30 DIAS DO VENCIMENTO.                                                                                                                                                                                                         01122200000000000000112220000000000000       0090339900009954369495122219000051
100000000000000000000009033990000995400000000000000000000000010002020008539312221600000000002            2  01085393122208122200000003053730000000001N011222000000000000000000000000000000000000000000000000000000000000000100008539365871EDMILSON RAIMUNDO DOS SANTOS            RUA CALIDICE - 247 - PARQUE CRUZEIRO - S            08070010                                                            000053
2SR. CAIXA, APOS O VENCIMENTO COBRAR 2% DE MULTA                                 NAO RECEBER APOS 30 DIAS DO VENCIMENTO.                                                                                                                                                                                                         01122200000000000000112220000000000000       0090339900009954085393122216000054
100000000000000000000009033990000995400000000000000000000000010002020031040912221500000000002            2  01310409122208122200000003146120000000001N011222000000000000000000000000000000000000000000000000000000000000000100031040952801ANDRESSA REGINA FAVERANI LUPPI          RUA AMALIA BELLOTTI PASTORELLO - 169 - T            11724030                                                            000056
2SR. CAIXA, APOS O VENCIMENTO COBRAR 2% DE MULTA                                 NAO RECEBER APOS 30 DIAS DO VENCIMENTO.                                                                                                                                                                                                         01122200000000000000112220000000000000       0090339900009954310409122215000057
100000000000000000000009033990000995400000000000000000000000010002020024558912221100000000002            2  01245589122208122200000005259640000000001N011222000000000000000000000000000000000000000000000000000000000000000100024558912838EDILENE GORGATTI                        RUA ITARARE - 76 AP.142 - JARDIM GUILHER            11701820                                                            000059
2SR. CAIXA, APOS O VENCIMENTO COBRAR 2% DE MULTA                                 NAO RECEBER APOS 30 DIAS DO VENCIMENTO.                                                                                                                                                                                                         01122200000000000000112220000000000000       0090339900009954245589122211000060
100000000000000000000009033990000995400000000000000000000000010002020004611212221700000000002            2  01046112122208122200000001936810000000001N011222000000000000000000000000000000000000000000000000000000000000000100004611218830TANIA MARIA DA SILVA NUNES PEREIRA LUIZ RUA URUGUAI - 89 AP.103 - JARDIM GUILHER            11702300                                                            000062
2SR. CAIXA, APOS O VENCIMENTO COBRAR 2% DE MULTA                                 NAO RECEBER APOS 30 DIAS DO VENCIMENTO.                                                                                                                                                                                                         01122200000000000000112220000000000000       0090339900009954046112122217000063
100000000000000000000009033990000995400000000000000000000000010002020010548812221400000000002            2  01105488122208122200000003441410000000001N011222000000000000000000000000000000000000000000000000000000000000000100010548844801RICARDO DE JESUS CALDAS                 RUA ANTONIO AMBUBA - 50 CASA 60 - BAIRRO            05782370                                                            000065
2SR. CAIXA, APOS O VENCIMENTO COBRAR 2% DE MULTA                                 NAO RECEBER APOS 30 DIAS DO VENCIMENTO.                                                                                                                                                                                                         01122200000000000000112220000000000000       0090339900009954105488122214000066
100000000000000000000009033990000995400000000000000000000000010002020039623812221300000000002            2  01396238122208122200000003024590000000001N011222000000000000000000000000000000000000000000000000000000000000000100039623826826LEONARDO GUEDES PINTO                   RUA URUGUAI - 89 AP.24 - AVIACAO - PRAIA            11702300                                                            000068
2SR. CAIXA, APOS O VENCIMENTO COBRAR 2% DE MULTA                                 NAO RECEBER APOS 30 DIAS DO VENCIMENTO.                                                                                                                                                                                                         01122200000000000000112220000000000000       0090339900009954396238122213000069
100000000000000000000009033990000995400000000000000000000000010002020039558612221200000000002            2  01395586122208122200000002776780000000001N011222000000000000000000000000000000000000000000000000000000000000000100039558638838TAMIRES ROCHA FRANCISCO                 RUA DUARTE DE CARVALHO - 185 AP.102 - BA            03084030                                                            000071
2SR. CAIXA, APOS O VENCIMENTO COBRAR 2% DE MULTA                                 NAO RECEBER APOS 30 DIAS DO VENCIMENTO.                                                                                                                                                                                                         01122200000000000000112220000000000000       0090339900009954395586122212000072
100000000000000000000009033990000995400000000000000000000000010002020032038712221100000000002            2  01320387122208122200000002259100000000001N011222000000000000000000000000000000000000000000000000000000000000000100032038775893GUSTAVO PEREIRA DA CRUZ                 RUA SAO FIDELIS - 203 - JARDIM BRASIL -             16074050                                                            000074
2SR. CAIXA, APOS O VENCIMENTO COBRAR 2% DE MULTA                                 NAO RECEBER APOS 30 DIAS DO VENCIMENTO.                                                                                                                                                                                                         01122200000000000000112220000000000000       0090339900009954320387122211000075
100000000000000000000009033990000995400000000000000000000000010002020008993112221900000000002            2  01089931122208122200000010661760000000001N011222000000000000000000000000000000000000000000000000000000000000000100008993178801PATRICIA BITTENCOURT FRACARO            RUA MARCIO MAZZEI - 337 - VILA NOVA MAZZ            02316050                                                            000077
2SR. CAIXA, APOS O VENCIMENTO COBRAR 2% DE MULTA                                 NAO RECEBER APOS 30 DIAS DO VENCIMENTO.                                                                                                                                                                                                         01122200000000000000112220000000000000       0090339900009954089931122219000078
100000000000000000000009033990000995400000000000000000000000010002020012955212221100000000002            2  01129552122208122200000005235420000000001N011222000000000000000000000000000000000000000000000000000000000000000100012955241806MAURO ALVES SILVA                       RUA TRAITUBA - 354 - BAIRRO SAUDE - SAO             04142050                                                            000080
2SR. CAIXA, APOS O VENCIMENTO COBRAR 2% DE MULTA                                 NAO RECEBER APOS 30 DIAS DO VENCIMENTO.                                                                                                                                                                                                         01122200000000000000112220000000000000       0090339900009954129552122211000081
9                                                                                                                                                                                                                                                                                                                                                                                                         000082