01REMESSA01COBRANCA       00000000000005316116AIRES CONSTRUTORA E INCORPORAD237BRADESCO       010524        MX0000241                                                                                                                                                                                                                                                                                     000001
100000000000000000000009002800441612000000000000000000000000010002020016299005241P00000000002            2  01162990052410052400000004141350000000001N010524000000000000000000000000000000000000000000000000000000000000000100016299008857FERNANDO CESAR CARVALHO                 AVENIDA MARCONDES DE BRITO - 1340 AP.74             03509000                                                            000002
2SR. CAIXA, APOS O VENCIMENTO COBRAR 2% DE MULTA                                 NAO RECEBER APOS 30 DIAS DO VENCIMENTO.                                                                                                                                                                                                         01052400000000000000105240000000000000       009002800441612016299005241P000003
9                                                                                                                                                                                                                                                                                                                                                                                                         000004