01REMESSA01COBRANCA       00000000000005331186HB SANTOS CONSTRUTORA E INCORP237BRADESCO       010521        MX0000023                                                                                                                                                                                                                                                                                     000001
100000000000000000000009033990000995400000000000000000000000010002020026858605211500000000002            2  01268586052108052100000002684840000000001N010521000000000000000000000000000000000000000000000000000000000000000100026858625879GLAUCE FERREIRA DE OLIVEIRA FALSI       RUA LOURENCO ANTONIO BRAGANCA - 116 - JA            04403160                                                            000002
2SR. CAIXA, APOS O VENCIMENTO COBRAR 2% DE MULTA                                 NAO RECEBER APOS 30 DIAS DO VENCIMENTO.                                                                                                                                                                                                         01052100000000000000105210000000000000       0090339900009954268586052115000003
100000000000000000000009033990000995400000000000000000000000010002020016960805211600000000002            2  01169608052108052100000002563570000000001N010521000000000000000000000000000000000000000000000000000000000000000100016960804876LUIZ ALVES DE SOUZA JUNIOR              RUA FRANCISCO ALVES - 394 CASA B - PAECA            11450320                                                            000005
2SR. CAIXA, APOS O VENCIMENTO COBRAR 2% DE MULTA                                 NAO RECEBER APOS 30 DIAS DO VENCIMENTO.                                                                                                                                                                                                         01052100000000000000105210000000000000       0090339900009954169608052116000006
100000000000000000000009033990000995400000000000000000000000010002020008899305211300000000002            2  01088993052108052100000002546900000000001N010521000000000000000000000000000000000000000000000000000000000000000100008899362858ELAINE D ALMEIDA FERDINANDY             ALAMEDA SUBTENENTE AVIADOR FRANCISCO HIE            02187040                                                            000008
2SR. CAIXA, APOS O VENCIMENTO COBRAR 2% DE MULTA                                 NAO RECEBER APOS 30 DIAS DO VENCIMENTO.                                                                                                                                                                                                         01052100000000000000105210000000000000       0090339900009954088993052113000009
100000000000000000000009033990000995400000000000000000000000010002020029425005211800000000002            2  01294250052108052100000002553280000000001N010521000000000000000000000000000000000000000000000000000000000000000100029425027897FABIA DOS SANTOS DE ANDRADE             AVENIDA ALCIDES CANDIDO DOS SANTOS - 248            11705480                                                            000011
2SR. CAIXA, APOS O VENCIMENTO COBRAR 2% DE MULTA                                 NAO RECEBER APOS 30 DIAS DO VENCIMENTO.                                                                                                                                                                                                         01052100000000000000105210000000000000       0090339900009954294250052118000012
100000000000000000000009033990000995400000000000000000000000010002020078382705211300000000002            2  01783827052108052100000002580230000000001N010521000000000000000000000000000000000000000000000000000000000000000100078382700497JARMELINA BARBOSA DA SILVA              RUA OSCAR CINTRA GORDINHO - 211 AP.51 -             01512010                                                            000014
2SR. CAIXA, APOS O VENCIMENTO COBRAR 2% DE MULTA                                 NAO RECEBER APOS 30 DIAS DO VENCIMENTO.                                                                                                                                                                                                         01052100000000000000105210000000000000       0090339900009954783827052113000015
100000000000000000000009033990000995400000000000000000000000010002020007535305211200000000002            2  01075353052108052100000002530230000000001N010521000000000000000000000000000000000000000000000000000000000000000100007535375839AINAILDE PEREIRA DE CASTRO OLIVETTO     TRAVESSA DORALINA ELIETE ADAO DA SILVA -            08021026                                                            000017
2SR. CAIXA, APOS O VENCIMENTO COBRAR 2% DE MULTA                                 NAO RECEBER APOS 30 DIAS DO VENCIMENTO.                                                                                                                                                                                                         01052100000000000000105210000000000000       0090339900009954075353052112000018
100000000000000000000009033990000995400000000000000000000000010002020028974205211P00000000002            2  01289742052108052100000002503280000000001N010521000000000000000000000000000000000000000000000000000000000000000100028974233827MARISTELA FAVANI DE OLIVEIRA            RUA GIUSEPPE CARNEVALLI - 96 - BAIRRO BO            09572100                                                            000020
2SR. CAIXA, APOS O VENCIMENTO COBRAR 2% DE MULTA                                 NAO RECEBER APOS 30 DIAS DO VENCIMENTO.                                                                                                                                                                                                         01052100000000000000105210000000000000       009033990000995428974205211P000021
100000000000000000000009033990000995400000000000000000000000010002020092184805211700000000002            2  01921848052108052100000002469950000000001N010521000000000000000000000000000000000000000000000000000000000000000100092184804800CARMEM DO SOCORRO GUILHERME             ESTRADA SAO FRANCISCO - 1.850 AP.182A -             06765000                                                            000023
2SR. CAIXA, APOS O VENCIMENTO COBRAR 2% DE MULTA                                 NAO RECEBER APOS 30 DIAS DO VENCIMENTO.                                                                                                                                                                                                         01052100000000000000105210000000000000       0090339900009954921848052117000024
100000000000000000000009033990000995400000000000000000000000010002020092184805212500000000002            2  01921848052108052100000002469940000000001N010521000000000000000000000000000000000000000000000000000000000000000100092184804800CARMEM DO SOCORRO GUILHERME             ESTRADA SAO FRANCISCO - 1.850 AP.182A -             06765000                                                            000026
2SR. CAIXA, APOS O VENCIMENTO COBRAR 2% DE MULTA                                 NAO RECEBER APOS 30 DIAS DO VENCIMENTO.                                                                                                                                                                                                         01052100000000000000105210000000000000       0090339900009954921848052125000027
100000000000000000000009033990000995400000000000000000000000010002020009169705211700000000002            2  01091697052108052100000001980920000000001N010521000000000000000000000000000000000000000000000000000000000000000100009169701830TADEU CONSTANTINO LOPES                 RUA JOSE ANTONIO COELHO - 349 CASA 01 -             04011061                                                            000029
2SR. CAIXA, APOS O VENCIMENTO COBRAR 2% DE MULTA                                 NAO RECEBER APOS 30 DIAS DO VENCIMENTO.                                                                                                                                                                                                         01052100000000000000105210000000000000       0090339900009954091697052117000030
100000000000000000000009033990000995400000000000000000000000010002020042480105211500000000002            2  01424801052108052100000002519950000000001N010521000000000000000000000000000000000000000000000000000000000000000100042480155870JAMITRE SOIOMARA ALVES DO NASCIMENTO DAVRUA SERTANISTA GILBERTO PINTO FRANCISCO             11703440                                                            000032
2SR. CAIXA, APOS O VENCIMENTO COBRAR 2% DE MULTA                                 NAO RECEBER APOS 30 DIAS DO VENCIMENTO.                                                                                                                                                                                                         01052100000000000000105210000000000000       0090339900009954424801052115000033
100000000000000000000009033990000995400000000000000000000000010002020004611205211100000000002            2  01046112052108052100000002466260000000001N010521000000000000000000000000000000000000000000000000000000000000000100004611218830TANIA MARIA DA SILVA NUNES PEREIRA LUIZ RODOVIA RAPOSO TAVARES, 7389 KM 17,5 - A            05576200                                                            000035
2SR. CAIXA, APOS O VENCIMENTO COBRAR 2% DE MULTA                                 NAO RECEBER APOS 30 DIAS DO VENCIMENTO.                                                                                                                                                                                                         01052100000000000000105210000000000000       0090339900009954046112052111000036
100000000000000000000009033990000995400000000000000000000000010002020008966505211000000000002            2  01089665052108052100000002380920000000001N010521000000000000000000000000000000000000000000000000000000000000000100008966511856MONICA SILVA REIS                       RUA ORATORIO - 264 E FUNDOS - BANGU - SA            09280550                                                            000038
2SR. CAIXA, APOS O VENCIMENTO COBRAR 2% DE MULTA                                 NAO RECEBER APOS 30 DIAS DO VENCIMENTO.                                                                                                                                                                                                         01052100000000000000105210000000000000       0090339900009954089665052110000039
100000000000000000000009033990000995400000000000000000000000010002020036898605211900000000002            2  01368986052108052100000002397590000000001N010521000000000000000000000000000000000000000000000000000000000000000100036898609890GABRIEL FRANCHESCHI PALVO               SGAN 911,MODULO F, BLOCO A, GREEN PARK -            70790110                                                            000041
2SR. CAIXA, APOS O VENCIMENTO COBRAR 2% DE MULTA                                 NAO RECEBER APOS 30 DIAS DO VENCIMENTO.                                                                                                                                                                                                         01052100000000000000105210000000000000       0090339900009954368986052119000042
100000000000000000000009033990000995400000000000000000000000010002020001356905211100000000002            2  01013569052108052100000002557450000000001N010521000000000000000000000000000000000000000000000000000000000000000100001356993800DALVA MARIA DOS SANTOS                  RUA SOLDADO CESARIO AGUIAR - 30 - VILA G            07070050                                                            000044
2SR. CAIXA, APOS O VENCIMENTO COBRAR 2% DE MULTA                                 NAO RECEBER APOS 30 DIAS DO VENCIMENTO.                                                                                                                                                                                                         01052100000000000000105210000000000000       0090339900009954013569052111000045
100000000000000000000009033990000995400000000000000000000000010002020024615505211400000000002            2  01246155052108052100000002916670000000001N010521000000000000000000000000000000000000000000000000000000000000000100024615557884GILBERTO JOSE GONSALES                  RUA DOS GOYTACAZES - 447 AP.206 BL.2 - C            28013266                                                            000047
2SR. CAIXA, APOS O VENCIMENTO COBRAR 2% DE MULTA                                 NAO RECEBER APOS 30 DIAS DO VENCIMENTO.                                                                                                                                                                                                         01052100000000000000105210000000000000       0090339900009954246155052114000048
9                                                                                                                                                                                                                                                                                                                                                                                                         000049