01REMESSA01COBRANCA       00000000000005316116AIRES CONSTRUTORA E INCORPORAD237BRADESCO       080422        MX0000192                                                                                                                                                                                                                                                                                     000001
100000000000000000000009002800441612000000000000000000000000010002100000666304221200000000002            2  01006663042225042200000003952890000000001N080422000000000000000000000000000000000000000000000000000000000000000100000666344825LUIZ HENRIQUE DE CAMPOS                 RUA JOAO CARLOS CAVALCANTI REIS - 21 - J            02281206                                                            000002
2SR. CAIXA, APOS O VENCIMENTO COBRAR 10% DE MULTA                                NAO RECEBER APOS 30 DIAS DO VENCIMENTO.                                                                                                                                                                                                         08042200000000000000804220000000000000       0090028004416120006663042212000003
100000000000000000000009002800441612000000000000000000000000010002100029155004221200000000002            2  01291550042225042200000004174360000000001N080422000000000000000000000000000000000000000000000000000000000000000100029155026842DANIELA YOSHIDA                         RUA MONTE CASTELO - 262 AP.34 - AVIACAO             11702720                                                            000005
2SR. CAIXA, APOS O VENCIMENTO COBRAR 10% DE MULTA                                NAO RECEBER APOS 30 DIAS DO VENCIMENTO.                                                                                                                                                                                                         08042200000000000000804220000000000000       0090028004416120291550042212000006
100000000000000000000009002800441612000000000000000000000000010002100001204404221600000000002            2  01012044042225042200000003399480000000001N080422000000000000000000000000000000000000000000000000000000000000000100001204431809CEZAR TALAVERA JUNIOR                   RUA MAESTRO ARTURO DE ANGELIS  - 190 AP.            05139010                                                            000008
2SR. CAIXA, APOS O VENCIMENTO COBRAR 10% DE MULTA                                NAO RECEBER APOS 30 DIAS DO VENCIMENTO.                                                                                                                                                                                                         08042200000000000000804220000000000000       0090028004416120012044042216000009
100000000000000000000009002800441612000000000000000000000000010002100004227504221500000000002            2  01042275042225042200000004406740000000001N080422000000000000000000000000000000000000000000000000000000000000000100004227553970ALESSANDRO ISRAEL GOULART               RUA PROFESSORA CARLINDA RIBEIRO - 21 - F            02866200                                                            000011
2SR. CAIXA, APOS O VENCIMENTO COBRAR 10% DE MULTA                                NAO RECEBER APOS 30 DIAS DO VENCIMENTO.                                                                                                                                                                                                         08042200000000000000804220000000000000       0090028004416120042275042215000012
100000000000000000000009002800441612000000000000000000000000010002100001024704221900000000002            2  01010247042225042200000003843060000000001N080422000000000000000000000000000000000000000000000000000000000000000100001024794881CLAUDIO RODRIGUES                       RUA ARACATUBA - 242 - LAPA - SAO PAULO -            05058010                                                            000014
2SR. CAIXA, APOS O VENCIMENTO COBRAR 10% DE MULTA                                NAO RECEBER APOS 30 DIAS DO VENCIMENTO.                                                                                                                                                                                                         08042200000000000000804220000000000000       0090028004416120010247042219000015
100000000000000000000009002800441612000000000000000000000000010002100002225004221P00000000002            2  01022250042225042200000005891930000000001N080422000000000000000000000000000000000000000000000000000000000000000100002225072841PEDRO EDUARDO DE AZEVEDO                RUA NATH ZILMAN - 46 - JARDIM SAMAMBAIA             07623085                                                            000017
2SR. CAIXA, APOS O VENCIMENTO COBRAR 10% DE MULTA                                NAO RECEBER APOS 30 DIAS DO VENCIMENTO.                                                                                                                                                                                                         08042200000000000000804220000000000000       009002800441612002225004221P000018
100000000000000000000009002800441612000000000000000000000000010002100022037504221800000000002            2  01220375042225042200000004100130000000001N080422000000000000000000000000000000000000000000000000000000000000000100022037552882ANDREIA CRISTINA FERNANDES DANTAS       PCA CASTRO ALVES - 163 AP.33 - VILA SAO             13224299                                                            000020
2SR. CAIXA, APOS O VENCIMENTO COBRAR 10% DE MULTA                                NAO RECEBER APOS 30 DIAS DO VENCIMENTO.                                                                                                                                                                                                         08042200000000000000804220000000000000       0090028004416120220375042218000021
100000000000000000000009002800441612000000000000000000000000010002100027198404221P00000000002            2  01271984042225042200000002827830000000001N080422000000000000000000000000000000000000000000000000000000000000000100027198452809CRISTIANE AURELIANO DA SILVA MAIA       RUA MONTE CASTELO - 262 AP.25 - AVIACAO             11702720                                                            000023
2SR. CAIXA, APOS O VENCIMENTO COBRAR 10% DE MULTA                                NAO RECEBER APOS 30 DIAS DO VENCIMENTO.                                                                                                                                                                                                         08042200000000000000804220000000000000       009002800441612027198404221P000024
100000000000000000000009002800441612000000000000000000000000010002100021246204221300000000002            2  01212462042225042200000003451110000000001N080422000000000000000000000000000000000000000000000000000000000000000100021246231840ALEXANDRO DA CUNHA MIGUES               RUA DULCE - 71  - VILA CARRAO - SAO PAUL            03427040                                                            000026
2SR. CAIXA, APOS O VENCIMENTO COBRAR 10% DE MULTA                                NAO RECEBER APOS 30 DIAS DO VENCIMENTO.                                                                                                                                                                                                         08042200000000000000804220000000000000       0090028004416120212462042213000027
100000000000000000000009002800441612000000000000000000000000010002100018470504221300000000002            2  01184705042225042200000005077080000000001N080422000000000000000000000000000000000000000000000000000000000000000100018470520881SILVANA ALVES DE OLIVEIRA               RUA MONTE CASTELO - 262 AP.91 - AVIACAO             11702720                                                            000029
2SR. CAIXA, APOS O VENCIMENTO COBRAR 10% DE MULTA                                NAO RECEBER APOS 30 DIAS DO VENCIMENTO.                                                                                                                                                                                                         08042200000000000000804220000000000000       0090028004416120184705042213000030
100000000000000000000009002800441612000000000000000000000000010002100009297504221300000000002            2  01092975042225042200000003534600000000001N080422000000000000000000000000000000000000000000000000000000000000000100009297523846MARCOS ROBERTO DE CASTRO FERREIRA       RUA MONTE CASTELO - 262 AP.105 - AVIACAO            11702720                                                            000032
2SR. CAIXA, APOS O VENCIMENTO COBRAR 10% DE MULTA                                NAO RECEBER APOS 30 DIAS DO VENCIMENTO.                                                                                                                                                                                                         08042200000000000000804220000000000000       0090028004416120092975042213000033
100000000000000000000009002800441612000000000000000000000000010002100001164104221200000000002            2  01011641042225042200000004380180000000001N080422000000000000000000000000000000000000000000000000000000000000000100001164158864DAVID BLEY LACERDA                      RUA CONEGO ARAUJO MARCONDES - 188 - BAIR            02550080                                                            000035
2SR. CAIXA, APOS O VENCIMENTO COBRAR 10% DE MULTA                                NAO RECEBER APOS 30 DIAS DO VENCIMENTO.                                                                                                                                                                                                         08042200000000000000804220000000000000       0090028004416120011641042212000036
100000000000000000000009002800441612000000000000000000000000010002100031498004221600000000002            2  01314980042225042200000005323470000000001N080422000000000000000000000000000000000000000000000000000000000000000100031498008895POLIANE  SIBELE DA SILVA                PRACA GENERAL COSTA BARRETO - 56 AP.181             03325070                                                            000038
2SR. CAIXA, APOS O VENCIMENTO COBRAR 10% DE MULTA                                NAO RECEBER APOS 30 DIAS DO VENCIMENTO.                                                                                                                                                                                                         08042200000000000000804220000000000000       0090028004416120314980042216000039
100000000000000000000009002800441612000000000000000000000000010002100000588104221P00000000002            2  01005881042225042200000003122330000000001N080422000000000000000000000000000000000000000000000000000000000000000100000588109860JOSE LIARTE GIANTE                      AVENIDA LUIZ GONZAGA DO AMARAL - 143 - J            09320630                                                            000041
2SR. CAIXA, APOS O VENCIMENTO COBRAR 10% DE MULTA                                NAO RECEBER APOS 30 DIAS DO VENCIMENTO.                                                                                                                                                                                                         08042200000000000000804220000000000000       009002800441612000588104221P000042
100000000000000000000009002800441612000000000000000000000000010002100014386804221200000000002            2  01143868042225042200000002497730000000001N080422000000000000000000000000000000000000000000000000000000000000000100014386860134SEVERINO CARLOS DE OLIVEIRA             RUA MONTE CASTELO - 262 AP.54 - AVIACAO             11702720                                                            000044
2SR. CAIXA, APOS O VENCIMENTO COBRAR 10% DE MULTA                                NAO RECEBER APOS 30 DIAS DO VENCIMENTO.                                                                                                                                                                                                         08042200000000000000804220000000000000       0090028004416120143868042212000045
100000000000000000000009002800441612000000000000000000000000010002100039393704221800000000002            2  01393937042225042200000001721490000000001N080422000000000000000000000000000000000000000000000000000000000000000100039393790850NAIRON RICARDO DE ARAUJO SANTOS         RUA NITEROI - 267 CASA 04 - JARDIM INDEP            11380350                                                            000047
2SR. CAIXA, APOS O VENCIMENTO COBRAR 10% DE MULTA                                NAO RECEBER APOS 30 DIAS DO VENCIMENTO.                                                                                                                                                                                                         08042200000000000000804220000000000000       0090028004416120393937042218000048
100000000000000000000009002800441612000000000000000000000000010002100019288704221600000000002            2  01192887042225042200000002318360000000001N080422000000000000000000000000000000000000000000000000000000000000000100019288787844EMERSON LUIZ MARTINEZ PEREIRA           RUA MONTE CASTELO - 296 AP.74 - AVIACAO             11702720                                                            000050
2SR. CAIXA, APOS O VENCIMENTO COBRAR 10% DE MULTA                                NAO RECEBER APOS 30 DIAS DO VENCIMENTO.                                                                                                                                                                                                         08042200000000000000804220000000000000       0090028004416120192887042216000051
9                                                                                                                                                                                                                                                                                                                                                                                                         000052