01REMESSA01COBRANCA       00000000000008017025HB SANTOS CONSTRUTORA E INCORP237BRADESCO       010324        MX0000197                                                                                                                                                                                                                                                                                     000001
100000000000000000000009033990000627000000000000000000000000010002020016479003241700000000002            2  01164790032409032400000005839220000000001N010324000000000000000000000000000000000000000000000000000000000000000100016479002806LOURDES PEREIRA DE QUEIROZ SECANECHIA   RUA PAULINO CURSI - 437 - CIDADE SAO MAT            03960060                                                            000002
2SR. CAIXA, APOS O VENCIMENTO COBRAR 2% DE MULTA                                 NAO RECEBER APOS 30 DIAS DO VENCIMENTO.                                                                                                                                                                                                         01032400000000000000103240000000000000       0090339900006270164790032417000003
100000000000000000000009033990000627000000000000000000000000010002020017229703242700000000002            2  01172297032409032400000004443600000000001N010324000000000000000000000000000000000000000000000000000000000000000100017229751802BERENICE VIEIRA KERSTING                RUA ATIBAIA - 17 AP.417 - BAIRRO IMPERAD            11707380                                                            000005
2SR. CAIXA, APOS O VENCIMENTO COBRAR 2% DE MULTA                                 NAO RECEBER APOS 30 DIAS DO VENCIMENTO.                                                                                                                                                                                                         01032400000000000000103240000000000000       0090339900006270172297032427000006
100000000000000000000009033990000627000000000000000000000000010002020009361403241400000000002            2  01093614032409032400000004239290000000001N010324000000000000000000000000000000000000000000000000000000000000000100009361471805JOSE BARBOSA DA SILVA                   RUA ALFREDO INACIO TRINDADE  - 60 AP.44             02344100                                                            000008
2SR. CAIXA, APOS O VENCIMENTO COBRAR 2% DE MULTA                                 NAO RECEBER APOS 30 DIAS DO VENCIMENTO.                                                                                                                                                                                                         01032400000000000000103240000000000000       0090339900006270093614032414000009
100000000000000000000009033990000627000000000000000000000000010002020012756903241800000000002            2  01127569032409032400000003659420000000001N010324000000000000000000000000000000000000000000000000000000000000000100012756959812ITAMAR JUVENAL DIAS DA SILVA            RUA ELISEU REINALDO MORAES VIEIRA - 90 A            02858000                                                            000011
2SR. CAIXA, APOS O VENCIMENTO COBRAR 2% DE MULTA                                 NAO RECEBER APOS 30 DIAS DO VENCIMENTO.                                                                                                                                                                                                         01032400000000000000103240000000000000       0090339900006270127569032418000012
100000000000000000000009033990000627000000000000000000000000010002020029433603241100000000002            2  01294336032411032400000003025960000000001N010324000000000000000000000000000000000000000000000000000000000000000100029433631897MARIO MUNIZ                             RUA JOSE CALIXTO DO CARMO - 286 AP.53 -             11702690                                                            000014
2SR. CAIXA, APOS O VENCIMENTO COBRAR 2% DE MULTA                                 NAO RECEBER APOS 30 DIAS DO VENCIMENTO.                                                                                                                                                                                                         01032400000000000000103240000000000000       0090339900006270294336032411000015
100000000000000000000009033990000627000000000000000000000000010002020005029803241400000000002            2  01050298032409032400000003730980000000001N010324000000000000000000000000000000000000000000000000000000000000000100005029828885LAURINETE DA CONCEICAO DE NORONHA       RUA MARIA LUCIA DE TOLEDO LEITE MORAES -            04434040                                                            000017
2SR. CAIXA, APOS O VENCIMENTO COBRAR 2% DE MULTA                                 NAO RECEBER APOS 30 DIAS DO VENCIMENTO.                                                                                                                                                                                                         01032400000000000000103240000000000000       0090339900006270050298032414000018
100000000000000000000009033990000627000000000000000000000000010002020013388903241600000000002            2  01133889032411032400000002949860000000001N010324000000000000000000000000000000000000000000000000000000000000000100013388936889NEUTON DE SOUZA RAMOS                   RUA JOSE CALIXTO DO CARMO - 286 AP.61 -             11702690                                                            000020
2SR. CAIXA, APOS O VENCIMENTO COBRAR 2% DE MULTA                                 NAO RECEBER APOS 30 DIAS DO VENCIMENTO.                                                                                                                                                                                                         01032400000000000000103240000000000000       0090339900006270133889032416000021
100000000000000000000009033990000627000000000000000000000000010002020012774903241600000000002            2  01127749032411032400000003005230000000001N010324000000000000000000000000000000000000000000000000000000000000000100012774906865JOSE MILTON SANTIAGO                    RUA BATATAIS - 47 - CIDADE ESTELA - POA             08563140                                                            000023
2SR. CAIXA, APOS O VENCIMENTO COBRAR 2% DE MULTA                                 NAO RECEBER APOS 30 DIAS DO VENCIMENTO.                                                                                                                                                                                                         01032400000000000000103240000000000000       0090339900006270127749032416000024
100000000000000000000009033990000627000000000000000000000000010002020007574903241600000000002            2  01075749032411032400000002837170000000001N010324000000000000000000000000000000000000000000000000000000000000000100007574936889JORGE LUCIANO PEREIRA BORRIELLO         RUA JOSE CALIXTO DO CARMO - 286 AP.54 -             11702690                                                            000026
2SR. CAIXA, APOS O VENCIMENTO COBRAR 2% DE MULTA                                 NAO RECEBER APOS 30 DIAS DO VENCIMENTO.                                                                                                                                                                                                         01032400000000000000103240000000000000       0090339900006270075749032416000027
100000000000000000000009033990000627000000000000000000000000010002020008214903241900000000002            2  01082149032411032400000002880210000000001N010324000000000000000000000000000000000000000000000000000000000000000100008214973830JAMIL CHALA                             RUA JOSE CALIXTO DO CARMO - 286 AP.22 -             11702690                                                            000029
2SR. CAIXA, APOS O VENCIMENTO COBRAR 2% DE MULTA                                 NAO RECEBER APOS 30 DIAS DO VENCIMENTO.                                                                                                                                                                                                         01032400000000000000103240000000000000       0090339900006270082149032419000030
100000000000000000000009033990000627000000000000000000000000010002020032495003241600000000002            2  01324950032411032400000003227650000000001N010324000000000000000000000000000000000000000000000000000000000000000100032495004881PAULO EDUARDO DOS SANTOS                RUA REPUBLICA DO IRAQUE - 1119 - CAMPO B            04611002                                                            000032
2SR. CAIXA, APOS O VENCIMENTO COBRAR 2% DE MULTA                                 NAO RECEBER APOS 30 DIAS DO VENCIMENTO.                                                                                                                                                                                                         01032400000000000000103240000000000000       0090339900006270324950032416000033
100000000000000000000009033990000627000000000000000000000000010002020016498003241300000000002            2  01164980032411032400000002830720000000001N010324000000000000000000000000000000000000000000000000000000000000000100016498053810GILMA CEZARIO GARCIA CORRITORI          RUA LAURENTINO XAVIER DOS SANTOS - 336 -            08240740                                                            000035
2SR. CAIXA, APOS O VENCIMENTO COBRAR 2% DE MULTA                                 NAO RECEBER APOS 30 DIAS DO VENCIMENTO.                                                                                                                                                                                                         01032400000000000000103240000000000000       0090339900006270164980032413000036
100000000000000000000009033990000627000000000000000000000000010002020029339003241200000000002            2  01293390032411032400000003026980000000001N010324000000000000000000000000000000000000000000000000000000000000000100029339051831RONALD DIDOFF                           RUA CORONEL FERREIRA BRAGA - 188 - VILA             03522010                                                            000038
2SR. CAIXA, APOS O VENCIMENTO COBRAR 2% DE MULTA                                 NAO RECEBER APOS 30 DIAS DO VENCIMENTO.                                                                                                                                                                                                         01032400000000000000103240000000000000       0090339900006270293390032412000039
100000000000000000000009033990000627000000000000000000000000010002020017357803241400000000002            2  01173578032411032400000003205850000000001N010324000000000000000000000000000000000000000000000000000000000000000100017357859894MARCIO GUIMARAES                        RUA GENERAL CAMARA - 188 SALA 11 - CENTR            11010120                                                            000041
2SR. CAIXA, APOS O VENCIMENTO COBRAR 2% DE MULTA                                 NAO RECEBER APOS 30 DIAS DO VENCIMENTO.                                                                                                                                                                                                         01032400000000000000103240000000000000       0090339900006270173578032414000042
100000000000000000000009033990000627000000000000000000000000010002020005529603241900000000002            2  01055296032411032400000002983540000000001N010324000000000000000000000000000000000000000000000000000000000000000100005529616801JOAQUIM JORGE DA COSTA                  RUA JOSE CALIXTO DO CARMO - 286 AP.106 -            11702690                                                            000044
2SR. CAIXA, APOS O VENCIMENTO COBRAR 2% DE MULTA                                 NAO RECEBER APOS 30 DIAS DO VENCIMENTO.                                                                                                                                                                                                         01032400000000000000103240000000000000       0090339900006270055296032419000045
100000000000000000000009033990000627000000000000000000000000010002020015550703241500000000002            2  01155507032409032400000002828090000000001N010324000000000000000000000000000000000000000000000000000000000000000100015550706806MARY MIWA                               RUA CARLOS JOSE BORSTENS - 50 AP.105 - A            11702750                                                            000047
2SR. CAIXA, APOS O VENCIMENTO COBRAR 2% DE MULTA                                 NAO RECEBER APOS 30 DIAS DO VENCIMENTO.                                                                                                                                                                                                         01032400000000000000103240000000000000       0090339900006270155507032415000048
100000000000000000000009033990000627000000000000000000000000010002020015464603241500000000002            2  01154646032411032400000003136420000000001N010324000000000000000000000000000000000000000000000000000000000000000100015464647864SONIA TERESA VOLPATO                    RUA JOSE CALIXTO DO CARMO - 286 AP.73 -             11702690                                                            000050
2SR. CAIXA, APOS O VENCIMENTO COBRAR 2% DE MULTA                                 NAO RECEBER APOS 30 DIAS DO VENCIMENTO.                                                                                                                                                                                                         01032400000000000000103240000000000000       0090339900006270154646032415000051
100000000000000000000009033990000627000000000000000000000000010002020008657803241400000000002            2  01086578032411032400000003104950000000001N010324000000000000000000000000000000000000000000000000000000000000000100008657886855ARLINDO DA CRUZ                         AVENIDA ARICANDUVA - 8.256 AP.54 BL.10 -            03951220                                                            000053
2SR. CAIXA, APOS O VENCIMENTO COBRAR 2% DE MULTA                                 NAO RECEBER APOS 30 DIAS DO VENCIMENTO.                                                                                                                                                                                                         01032400000000000000103240000000000000       0090339900006270086578032414000054
100000000000000000000009033990000627000000000000000000000000010002020059735103241200000000002            2  01597351032409032400000001760120000000001N010324000000000000000000000000000000000000000000000000000000000000000100059735180863HELIO JOSE MARQUES                      RUA MARTIM AFONSO DE SOUZA - 1007 AP.102            11702790                                                            000056
2SR. CAIXA, APOS O VENCIMENTO COBRAR 2% DE MULTA                                 NAO RECEBER APOS 30 DIAS DO VENCIMENTO.                                                                                                                                                                                                         01032400000000000000103240000000000000       0090339900006270597351032412000057
100000000000000000000009033990000627000000000000000000000000010002020026347803241600000000002            2  01263478032411032400000003319090000000001N010324000000000000000000000000000000000000000000000000000000000000000100026347872862VALDECI SILVA MEIRELES                  RUA JOSE BATISTA DA SILVA - 292 - JARDIM            06851470                                                            000059
2SR. CAIXA, APOS O VENCIMENTO COBRAR 2% DE MULTA                                 NAO RECEBER APOS 30 DIAS DO VENCIMENTO.                                                                                                                                                                                                         01032400000000000000103240000000000000       0090339900006270263478032416000060
100000000000000000000009033990000627000000000000000000000000010002020009797603241800000000002            2  01097976032411032400000002969750000000001N010324000000000000000000000000000000000000000000000000000000000000000100009797626857RICARDO SOBRAL DE OLIVEIRA              RUA 23 DE MAIO - 139 AP.32 - VILA MIRIM             11704690                                                            000062
2SR. CAIXA, APOS O VENCIMENTO COBRAR 2% DE MULTA                                 NAO RECEBER APOS 30 DIAS DO VENCIMENTO.                                                                                                                                                                                                         01032400000000000000103240000000000000       0090339900006270097976032418000063
100000000000000000000009033990000627000000000000000000000000010002020022728403241900000000002            2  01227284032411032400000003213520000000001N010324000000000000000000000000000000000000000000000000000000000000000100022728497842WILLIAN DE SOUZA MELLO                  RUA JOSE CALIXTO DO CARMO - 286 AP.111 -            11702690                                                            000065
2SR. CAIXA, APOS O VENCIMENTO COBRAR 2% DE MULTA                                 NAO RECEBER APOS 30 DIAS DO VENCIMENTO.                                                                                                                                                                                                         01032400000000000000103240000000000000       0090339900006270227284032419000066
100000000000000000000009033990000627000000000000000000000000010002020016909703241300000000002            2  01169097032411032400000002839740000000001N010324000000000000000000000000000000000000000000000000000000000000000100016909746805EDIVALDO SANTANA DOS SANTOS             ESTRADA JOAO GASPAR DELGADO - 80 AP.213             08536100                                                            000068
2SR. CAIXA, APOS O VENCIMENTO COBRAR 2% DE MULTA                                 NAO RECEBER APOS 30 DIAS DO VENCIMENTO.                                                                                                                                                                                                         01032400000000000000103240000000000000       0090339900006270169097032413000069
100000000000000000000009033990000627000000000000000000000000010002020022036003241000000000002            2  01220360032409032400000004421060000000001N010324000000000000000000000000000000000000000000000000000000000000000100022036003818DERLIS TERAN QUIROGA ROGATO             RUA JOAO RIBEIRO - 320 AP.131SB - CAMPES            09070250                                                            000071
2SR. CAIXA, APOS O VENCIMENTO COBRAR 2% DE MULTA                                 NAO RECEBER APOS 30 DIAS DO VENCIMENTO.                                                                                                                                                                                                         01032400000000000000103240000000000000       0090339900006270220360032410000072
100000000000000000000009033990000627000000000000000000000000010002020017229703243500000000002            2  01172297032409032400000004266690000000001N010324000000000000000000000000000000000000000000000000000000000000000100017229751802BERENICE VIEIRA KERSTING                RUA ATIBAIA - 17 AP.417 - BAIRRO IMPERAD            11707380                                                            000074
2SR. CAIXA, APOS O VENCIMENTO COBRAR 2% DE MULTA                                 NAO RECEBER APOS 30 DIAS DO VENCIMENTO.                                                                                                                                                                                                         01032400000000000000103240000000000000       0090339900006270172297032435000075
100000000000000000000009033990000627000000000000000000000000010002020033451603241100000000002            2  01334516032411032400000002570460000000001N010324000000000000000000000000000000000000000000000000000000000000000100033451620839ARAO ELISIARIO  NUNES                   RUA JOSE CALIXTO DO CARMO - 286 AP.64 -             11702690                                                            000077
2SR. CAIXA, APOS O VENCIMENTO COBRAR 2% DE MULTA                                 NAO RECEBER APOS 30 DIAS DO VENCIMENTO.                                                                                                                                                                                                         01032400000000000000103240000000000000       0090339900006270334516032411000078
100000000000000000000009033990000627000000000000000000000000010002020011369103241P00000000002            2  01113691032411032400000002807900000000001N010324000000000000000000000000000000000000000000000000000000000000000100011369165803ELIANA CORREA DE OLIVEIRA               RUA MAESTRO ZEFERINO SANTANA - 65 - VILA            18040010                                                            000080
2SR. CAIXA, APOS O VENCIMENTO COBRAR 2% DE MULTA                                 NAO RECEBER APOS 30 DIAS DO VENCIMENTO.                                                                                                                                                                                                         01032400000000000000103240000000000000       009033990000627011369103241P000081
100000000000000000000009033990000627000000000000000000000000010002020002253803241300000000002            2  01022538032411032400000002495670000000001N010324000000000000000000000000000000000000000000000000000000000000000100002253816809EDMILSON ALVES DA SILVA                 RUA JOSE CALIXTO DO CARMO - 286 AP.93 -             11702690                                                            000083
2SR. CAIXA, APOS O VENCIMENTO COBRAR 2% DE MULTA                                 NAO RECEBER APOS 30 DIAS DO VENCIMENTO.                                                                                                                                                                                                         01032400000000000000103240000000000000       0090339900006270022538032413000084
100000000000000000000009033990000627000000000000000000000000010002020037517703241300000000002            2  01375177032409032400000004689230000000001N010324000000000000000000000000000000000000000000000000000000000000000100037517785869RENATO JOSE DE LIMA MELO                RUA ARISTIDES LOBO - 148 AP.41 BLOCO 03             03041100                                                            000086
2SR. CAIXA, APOS O VENCIMENTO COBRAR 2% DE MULTA                                 NAO RECEBER APOS 30 DIAS DO VENCIMENTO.                                                                                                                                                                                                         01032400000000000000103240000000000000       0090339900006270375177032413000087
100000000000000000000009033990000627000000000000000000000000010002020070367903241400000000002            2  01703679032411032400000002343600000000001N010324000000000000000000000000000000000000000000000000000000000000000100070367949849TEODOMIRO ALVES DOS SANTOS              RUA ANDRE PAZ - 13 - JARDIM SANTO ANDRE             08390230                                                            000089
2SR. CAIXA, APOS O VENCIMENTO COBRAR 2% DE MULTA                                 NAO RECEBER APOS 30 DIAS DO VENCIMENTO.                                                                                                                                                                                                         01032400000000000000103240000000000000       0090339900006270703679032414000090
100000000000000000000009033990000627000000000000000000000000010002020004410803241300000000002            2  01044108032409032400000003484140000000001N010324000000000000000000000000000000000000000000000000000000000000000100004410802860LUIZ ALBERTO MARINHO                    AVENIDA BOSQUE DA SAUDE - 546 AP11 -  -             04142081                                                            000092
2SR. CAIXA, APOS O VENCIMENTO COBRAR 2% DE MULTA                                 NAO RECEBER APOS 30 DIAS DO VENCIMENTO.                                                                                                                                                                                                         01032400000000000000103240000000000000       0090339900006270044108032413000093
100000000000000000000009033990000627000000000000000000000000010002020004767603241900000000002            2  01047676032409032400000004651220000000001N010324000000000000000000000000000000000000000000000000000000000000000100004767679893ORLANDO GRANDE FILHO                    RUA ORLANDO MIGLIARI - 101 - JARDIM OURO            19906140                                                            000095
2SR. CAIXA, APOS O VENCIMENTO COBRAR 2% DE MULTA                                 NAO RECEBER APOS 30 DIAS DO VENCIMENTO.                                                                                                                                                                                                         01032400000000000000103240000000000000       0090339900006270047676032419000096
100000000000000000000009033990000627000000000000000000000000010002020064677803241400000000002            2  01646778032409032400000003741560000000001N010324000000000000000000000000000000000000000000000000000000000000000100064677850887ANTONIO CARLOS DE OLIVEIRA              RUA DR.ANTONIO MAZILLI FILHO - 435 - PAR            02230070                                                            000098
2SR. CAIXA, APOS O VENCIMENTO COBRAR 2% DE MULTA                                 NAO RECEBER APOS 30 DIAS DO VENCIMENTO.                                                                                                                                                                                                         01032400000000000000103240000000000000       0090339900006270646778032414000099
100000000000000000000009033990000627000000000000000000000000010002020058488603241700000000002            2  01584886032409032400000003412610000000001N010324000000000000000000000000000000000000000000000000000000000000000100058488618972ADAILTON ZANUTTO MORESCHI               R:RAPHAEL UNGARO - COND.RESERVA SERRA Q.            13212138                                                            000101
2SR. CAIXA, APOS O VENCIMENTO COBRAR 2% DE MULTA                                 NAO RECEBER APOS 30 DIAS DO VENCIMENTO.                                                                                                                                                                                                         01032400000000000000103240000000000000       0090339900006270584886032417000102
100000000000000000000009033990000627000000000000000000000000010002020002196003241100000000002            2  01021960032411032400000002559460000000001N010324000000000000000000000000000000000000000000000000000000000000000100002196012831VILEFORT DIAS BORGES                    RUA PORTO XAVIER - 189 AP.64 - VILA CARM            08210170                                                            000104
2SR. CAIXA, APOS O VENCIMENTO COBRAR 2% DE MULTA                                 NAO RECEBER APOS 30 DIAS DO VENCIMENTO.                                                                                                                                                                                                         01032400000000000000103240000000000000       0090339900006270021960032411000105
100000000000000000000009033990000627000000000000000000000000010002020031861503241P00000000002            2  01318615032411032400000002660250000000001N010324000000000000000000000000000000000000000000000000000000000000000100031861586809VANIA TOMAZ                              -  -  -  -                                         00000000                                                            000107
2SR. CAIXA, APOS O VENCIMENTO COBRAR 2% DE MULTA                                 NAO RECEBER APOS 30 DIAS DO VENCIMENTO.                                                                                                                                                                                                         01032400000000000000103240000000000000       009033990000627031861503241P000108
100000000000000000000009033990000627000000000000000000000000010002020007715303241100000000002            2  01077153032409032400000004197110000000001N010324000000000000000000000000000000000000000000000000000000000000000100007715360627NILTON RENNAN OLIVEIRA GOMES FILHO      RUA CARLOS JOSE BORSTENS - 50 AP.21 - AV            11702750                                                            000110
2SR. CAIXA, APOS O VENCIMENTO COBRAR 2% DE MULTA                                 NAO RECEBER APOS 30 DIAS DO VENCIMENTO.                                                                                                                                                                                                         01032400000000000000103240000000000000       0090339900006270077153032411000111
100000000000000000000009033990000627000000000000000000000000010002020007194003241200000000002            2  01071940032411032400000002974820000000001N010324000000000000000000000000000000000000000000000000000000000000000100007194010895RAUL AMANTINO KIRK DE SANCTIS           AVENIDA SANTA CATARINA - 756 AP.01 - VIL            04378000                                                            000113
2SR. CAIXA, APOS O VENCIMENTO COBRAR 2% DE MULTA                                 NAO RECEBER APOS 30 DIAS DO VENCIMENTO.                                                                                                                                                                                                         01032400000000000000103240000000000000       0090339900006270071940032412000114
100000000000000000000009033990000627000000000000000000000000010002020011141503241100000000002            2  01111415032411032400000003126000000000001N010324000000000000000000000000000000000000000000000000000000000000000100011141508869PAULO ROBERTO TUNES SILVA               RUA PETROBRAS - 405 CASA 07 - VILA ANTON            03474060                                                            000116
2SR. CAIXA, APOS O VENCIMENTO COBRAR 2% DE MULTA                                 NAO RECEBER APOS 30 DIAS DO VENCIMENTO.                                                                                                                                                                                                         01032400000000000000103240000000000000       0090339900006270111415032411000117
100000000000000000000009033990000627000000000000000000000000010002020011261303241500000000002            2  01112613032409032400000004167050000000001N010324000000000000000000000000000000000000000000000000000000000000000100011261359844JOVANETE DOS SANTOS PASSOS              RUA FULVIO MORGANTI - 672 - JARDIM PARAI            02417170                                                            000119
2SR. CAIXA, APOS O VENCIMENTO COBRAR 2% DE MULTA                                 NAO RECEBER APOS 30 DIAS DO VENCIMENTO.                                                                                                                                                                                                         01032400000000000000103240000000000000       0090339900006270112613032415000120
100000000000000000000009033990000627000000000000000000000000010002020036279303241400000000002            2  01362793032409032400000003704240000000001N010324000000000000000000000000000000000000000000000000000000000000000100036279398838BRUNO DOCINI ORTEGA                     RUA GENERAL EUCLIDES FIGUEIREDO - 146 AP            11700780                                                            000122
2SR. CAIXA, APOS O VENCIMENTO COBRAR 2% DE MULTA                                 NAO RECEBER APOS 30 DIAS DO VENCIMENTO.                                                                                                                                                                                                         01032400000000000000103240000000000000       0090339900006270362793032414000123
100000000000000000000009033990000627000000000000000000000000010002020008475103241400000000002            2  01084751032409032400000004174790000000001N010324000000000000000000000000000000000000000000000000000000000000000100008475110819HELENA ROSA DOS SANTOS                  AVENIDA ZELIA - 278 CASA 02 - PARQUE DOS            06436000                                                            000125
2SR. CAIXA, APOS O VENCIMENTO COBRAR 2% DE MULTA                                 NAO RECEBER APOS 30 DIAS DO VENCIMENTO.                                                                                                                                                                                                         01032400000000000000103240000000000000       0090339900006270084751032414000126
100000000000000000000009033990000627000000000000000000000000010002020001098203241300000000002            2  01010982032409032400000004564950000000001N010324000000000000000000000000000000000000000000000000000000000000000100001098222857JANDIRA DOS SANTOS PASSOS               RUA FULVIO MORGANTI - 672 - JARDIM PARAI            02417170                                                            000128
2SR. CAIXA, APOS O VENCIMENTO COBRAR 2% DE MULTA                                 NAO RECEBER APOS 30 DIAS DO VENCIMENTO.                                                                                                                                                                                                         01032400000000000000103240000000000000       0090339900006270010982032413000129
9                                                                                                                                                                                                                                                                                                                                                                                                         000130