01REMESSA01COBRANCA       00000000000008017025HB SANTOS CONSTRUTORA E INCORP237BRADESCO       050922        MX0000161                                                                                                                                                                                                                                                                                     000001
100000000000000000000009033990000627000000000000000000000000010002020025035109221000000000002            2  01250351092224092200000002789480000000001N020922000000000000000000000000000000000000000000000000000000000000000100025035170802WANDERSON LUIS DE CARVALHO              RUA JOAQUIM GONCALVES ROCHA - 302 - JARD            02859030                                                            000002
2SR. CAIXA, APOS O VENCIMENTO COBRAR 2% DE MULTA                                 NAO RECEBER APOS 30 DIAS DO VENCIMENTO.                                                                                                                                                                                                         05092200000000000000509220000000000000       0090339900006270250351092210000003
100000000000000000000009033990000627000000000000000000000000010002020007294309221800000000002            2  01072943092224092200000003751850000000001N020922000000000000000000000000000000000000000000000000000000000000000100007294351805CLAUDENIR APARECIDO VACARI              RUA CARLOS JOSE BORSTENS - 50 AP.93 - AV            11702750                                                            000005
2SR. CAIXA, APOS O VENCIMENTO COBRAR 2% DE MULTA                                 NAO RECEBER APOS 30 DIAS DO VENCIMENTO.                                                                                                                                                                                                         05092200000000000000509220000000000000       0090339900006270072943092218000006
100000000000000000000009033990000627000000000000000000000000010002020005071409221900000000002            2  01050714092224092200000003681260000000001N020922000000000000000000000000000000000000000000000000000000000000000100005071481855ERIBALDO SANTANA CARVALHO               RUA HONDURAS - 477 - PARQUE DAS AMERICAS            09351070                                                            000008
2SR. CAIXA, APOS O VENCIMENTO COBRAR 2% DE MULTA                                 NAO RECEBER APOS 30 DIAS DO VENCIMENTO.                                                                                                                                                                                                         05092200000000000000509220000000000000       0090339900006270050714092219000009
100000000000000000000009033990000627000000000000000000000000010002020002841709221200000000002            2  01028417092224092200000003444150000000001N020922000000000000000000000000000000000000000000000000000000000000000100002841756416LUCIANA PINHEIRO DE ASSIS NUNES         RUA RIO ACIMA - 81 - RIACHO GRANDE - SAO            09830100                                                            000011
2SR. CAIXA, APOS O VENCIMENTO COBRAR 2% DE MULTA                                 NAO RECEBER APOS 30 DIAS DO VENCIMENTO.                                                                                                                                                                                                         05092200000000000000509220000000000000       0090339900006270028417092212000012
100000000000000000000009033990000627000000000000000000000000010002020084302009221100000000002            2  01843020092224092200000003460680000000001N020922000000000000000000000000000000000000000000000000000000000000000100084302097868FAUSTO TADEU VILOR                      RUA ANTONIO TAVARES - 466 - BAIRRO CAMBU            01542010                                                            000014
2SR. CAIXA, APOS O VENCIMENTO COBRAR 2% DE MULTA                                 NAO RECEBER APOS 30 DIAS DO VENCIMENTO.                                                                                                                                                                                                         05092200000000000000509220000000000000       0090339900006270843020092211000015
100000000000000000000009033990000627000000000000000000000000010002020028804209221100000000002            2  01288042092224092200000003400140000000001N020922000000000000000000000000000000000000000000000000000000000000000100028804202882GILBERTO FABIANO CABRAL DE CAMARGO      RUA CARLOS JOSE BORSTENS - 50 AP.44 - AV            11702750                                                            000017
2SR. CAIXA, APOS O VENCIMENTO COBRAR 2% DE MULTA                                 NAO RECEBER APOS 30 DIAS DO VENCIMENTO.                                                                                                                                                                                                         05092200000000000000509220000000000000       0090339900006270288042092211000018
100000000000000000000009033990000627000000000000000000000000010002020000991709221400000000002            2  01009917092224092200000003318680000000001N020922000000000000000000000000000000000000000000000000000000000000000100000991748808JAILSON BORGES DE ANDRADE               RUA IPIOBUNA - 45 - JARDIM CUMBICA - GUA            07240040                                                            000020
2SR. CAIXA, APOS O VENCIMENTO COBRAR 2% DE MULTA                                 NAO RECEBER APOS 30 DIAS DO VENCIMENTO.                                                                                                                                                                                                         05092200000000000000509220000000000000       0090339900006270009917092214000021
100000000000000000000009033990000627000000000000000000000000010002020022151609221000000000002            2  01221516092224092200000003299410000000001N020922000000000000000000000000000000000000000000000000000000000000000100022151666816SAMIR LIMA DE ARAUJO                    AVENIDA GUARAPIRANGA - 2616 AP.131 BL.14            04902005                                                            000023
2SR. CAIXA, APOS O VENCIMENTO COBRAR 2% DE MULTA                                 NAO RECEBER APOS 30 DIAS DO VENCIMENTO.                                                                                                                                                                                                         05092200000000000000509220000000000000       0090339900006270221516092210000024
100000000000000000000009033990000627000000000000000000000000010002020022313109221200000000002            2  01223131092226092200000002537380000000001N020922000000000000000000000000000000000000000000000000000000000000000100022313116824ROSA MARIA BRITO DA SILVA               RUA SERVIDAO DE SAO MARCOS - 128 CASA 1             04930300                                                            000026
2SR. CAIXA, APOS O VENCIMENTO COBRAR 2% DE MULTA                                 NAO RECEBER APOS 30 DIAS DO VENCIMENTO.                                                                                                                                                                                                         05092200000000000000509220000000000000       0090339900006270223131092212000027
100000000000000000000009033990000627000000000000000000000000010002020027538009221400000000002            2  01275380092226092200000002546230000000001N020922000000000000000000000000000000000000000000000000000000000000000100027538087249MARA LUCIA MENEZES DA COSTA             RUA LEILA  - 183 - ITAQUERA - SAO PAULO             08240020                                                            000029
2SR. CAIXA, APOS O VENCIMENTO COBRAR 2% DE MULTA                                 NAO RECEBER APOS 30 DIAS DO VENCIMENTO.                                                                                                                                                                                                         05092200000000000000509220000000000000       0090339900006270275380092214000030
100000000000000000000009033990000627000000000000000000000000010002020031278409221000000000002            2  01312784092224092200000003187320000000001N020922000000000000000000000000000000000000000000000000000000000000000100031278411836JEFFERSON DE PIERI PIRES ZAMUNER        RUA MANOEL ARCE - 277 - PARQUE BANCARIO             03922150                                                            000032
2SR. CAIXA, APOS O VENCIMENTO COBRAR 2% DE MULTA                                 NAO RECEBER APOS 30 DIAS DO VENCIMENTO.                                                                                                                                                                                                         05092200000000000000509220000000000000       0090339900006270312784092210000033
100000000000000000000009033990000627000000000000000000000000010002020019185709221200000000002            2  01191857092226092200000002317130000000001N020922000000000000000000000000000000000000000000000000000000000000000100019185769800AGUINALDO PESSOA DE LIMA                RUA JANUARIO ZINGARO - 252 AP.303 BL.04             05794300                                                            000035
2SR. CAIXA, APOS O VENCIMENTO COBRAR 2% DE MULTA                                 NAO RECEBER APOS 30 DIAS DO VENCIMENTO.                                                                                                                                                                                                         05092200000000000000509220000000000000       0090339900006270191857092212000036
100000000000000000000009033990000627000000000000000000000000010002020033303609221300000000002            2  01333036092226092200000002495740000000001N020922000000000000000000000000000000000000000000000000000000000000000100033303645809JESSICA DA SILVA FREITAS                RUA ARILDO VALADAO - 120 - JARDIM GUAEMB            04814600                                                            000038
2SR. CAIXA, APOS O VENCIMENTO COBRAR 2% DE MULTA                                 NAO RECEBER APOS 30 DIAS DO VENCIMENTO.                                                                                                                                                                                                         05092200000000000000509220000000000000       0090339900006270333036092213000039
100000000000000000000009033990000627000000000000000000000000010002020006422609221900000000002            2  01064226092224092200000003451950000000001N020922000000000000000000000000000000000000000000000000000000000000000100006422607881GERALDO ALVES DA SILVA                  RUA CARLOS JOSE BORSTENS - 50 AP.14 - AV            11702750                                                            000041
2SR. CAIXA, APOS O VENCIMENTO COBRAR 2% DE MULTA                                 NAO RECEBER APOS 30 DIAS DO VENCIMENTO.                                                                                                                                                                                                         05092200000000000000509220000000000000       0090339900006270064226092219000042
100000000000000000000009033990000627000000000000000000000000010002020033877109221000000000002            2  01338771092226092200000002339830000000001N020922000000000000000000000000000000000000000000000000000000000000000100033877129870HELDER FERREIRA VIANA                   RUA JOSE CALIXTO DO CARMO - 286 AP.35 -             11702690                                                            000044
2SR. CAIXA, APOS O VENCIMENTO COBRAR 2% DE MULTA                                 NAO RECEBER APOS 30 DIAS DO VENCIMENTO.                                                                                                                                                                                                         05092200000000000000509220000000000000       0090339900006270338771092210000045
100000000000000000000009033990000627000000000000000000000000010002020028290709221400000000002            2  01282907092226092200000002156480000000001N020922000000000000000000000000000000000000000000000000000000000000000100028290719809VANESSA GIANGARRELLI PEREIRA            RUA BARINEL - 72 - JARDIM COTCHING - SAO            03462130                                                            000047
2SR. CAIXA, APOS O VENCIMENTO COBRAR 2% DE MULTA                                 NAO RECEBER APOS 30 DIAS DO VENCIMENTO.                                                                                                                                                                                                         05092200000000000000509220000000000000       0090339900006270282907092214000048
100000000000000000000009033990000627000000000000000000000000010002020087573009221P00000000002            2  01875730092226092200000002354840000000001N020922000000000000000000000000000000000000000000000000000000000000000100087573059604VANDERLEY DE ASSIS                      RUA ROMEU ALBANI - 268 - JARDIM PARQUE R            13803810                                                            000050
2SR. CAIXA, APOS O VENCIMENTO COBRAR 2% DE MULTA                                 NAO RECEBER APOS 30 DIAS DO VENCIMENTO.                                                                                                                                                                                                         05092200000000000000509220000000000000       009033990000627087573009221P000051
100000000000000000000009033990000627000000000000000000000000010002020010825509221700000000002            2  01108255092226092200000002457390000000001N020922000000000000000000000000000000000000000000000000000000000000000100010825513847JOSE APARECIDO PEREIRA                  RUA GENERAL OSORIO - 305 - JARDIM TRINTA            11515130                                                            000053
2SR. CAIXA, APOS O VENCIMENTO COBRAR 2% DE MULTA                                 NAO RECEBER APOS 30 DIAS DO VENCIMENTO.                                                                                                                                                                                                         05092200000000000000509220000000000000       0090339900006270108255092217000054
100000000000000000000009033990000627000000000000000000000000010002020039115109221900000000002            2  01391151092226092200000003029160000000001N020922000000000000000000000000000000000000000000000000000000000000000100039115139840LAIS CRISTINA RIBEIRO ANDO              RUA JOSE CALIXTO DO CARMO - 286 AP.65 -             11702690                                                            000056
2SR. CAIXA, APOS O VENCIMENTO COBRAR 2% DE MULTA                                 NAO RECEBER APOS 30 DIAS DO VENCIMENTO.                                                                                                                                                                                                         05092200000000000000509220000000000000       0090339900006270391151092219000057
100000000000000000000009033990000627000000000000000000000000010002020029617509221700000000002            2  01296175092224092200000003388190000000001N020922000000000000000000000000000000000000000000000000000000000000000100029617510553MARILENE SOUZA DE OLIVEIRA              RUA DAS MONCOES - 460 AP.95 - BAIRRO JAR            09090521                                                            000059
2SR. CAIXA, APOS O VENCIMENTO COBRAR 2% DE MULTA                                 NAO RECEBER APOS 30 DIAS DO VENCIMENTO.                                                                                                                                                                                                         05092200000000000000509220000000000000       0090339900006270296175092217000060
100000000000000000000009033990000627000000000000000000000000010002020000593209221700000000002            2  01005932092224092200000003716010000000001N020922000000000000000000000000000000000000000000000000000000000000000100000593293860WALTER HELIO BARBOSA FILHO              AVENIDA ANTONIO FREDERICO OZANAN - 9500             13214206                                                            000062
2SR. CAIXA, APOS O VENCIMENTO COBRAR 2% DE MULTA                                 NAO RECEBER APOS 30 DIAS DO VENCIMENTO.                                                                                                                                                                                                         05092200000000000000509220000000000000       0090339900006270005932092217000063
100000000000000000000009033990000627000000000000000000000000010002020065584109221900000000002            2  01655841092224092200000001950710000000001N020922000000000000000000000000000000000000000000000000000000000000000100065584147834JOAQUIM DA COSTA MACHADO NETO           RUA CARLOS JOSE BORSTENS - 50 AP.42 - AV            11702750                                                            000065
2SR. CAIXA, APOS O VENCIMENTO COBRAR 2% DE MULTA                                 NAO RECEBER APOS 30 DIAS DO VENCIMENTO.                                                                                                                                                                                                         05092200000000000000509220000000000000       0090339900006270655841092219000066
100000000000000000000009033990000627000000000000000000000000010002020065584109222700000000002            2  01655841092224092200000001950700000000001N020922000000000000000000000000000000000000000000000000000000000000000100065584147834JOAQUIM DA COSTA MACHADO NETO           RUA CARLOS JOSE BORSTENS - 50 AP.42 - AV            11702750                                                            000068
2SR. CAIXA, APOS O VENCIMENTO COBRAR 2% DE MULTA                                 NAO RECEBER APOS 30 DIAS DO VENCIMENTO.                                                                                                                                                                                                         05092200000000000000509220000000000000       0090339900006270655841092227000069
100000000000000000000009033990000627000000000000000000000000010002020006684609221100000000002            2  01066846092226092200000002495450000000001N020922000000000000000000000000000000000000000000000000000000000000000100006684623884LAUDINOR VIEIRA GARCIA                  RUA CANDIDO SALES - 374 - JARDIM PRESIDE            07172000                                                            000071
2SR. CAIXA, APOS O VENCIMENTO COBRAR 2% DE MULTA                                 NAO RECEBER APOS 30 DIAS DO VENCIMENTO.                                                                                                                                                                                                         05092200000000000000509220000000000000       0090339900006270066846092211000072
100000000000000000000009033990000627000000000000000000000000010002020011663509221200000000002            2  01116635092226092200000002513400000000001N020922000000000000000000000000000000000000000000000000000000000000000100011663589844MARIA SAVIO QUARELLO                    AVENIDA MENDONCA DRUMOND - 321 - JARDIM             03524030                                                            000074
2SR. CAIXA, APOS O VENCIMENTO COBRAR 2% DE MULTA                                 NAO RECEBER APOS 30 DIAS DO VENCIMENTO.                                                                                                                                                                                                         05092200000000000000509220000000000000       0090339900006270116635092212000075
100000000000000000000009033990000627000000000000000000000000010002020010083809221400000000002            2  01100838092226092200000002428370000000001N020922000000000000000000000000000000000000000000000000000000000000000100010083824855IONE FERREIRA COUTO DA SILVA            RUA JOSE RAGEL DE MESQUITA - 60 CS.01 -             07799999                                                            000077
2SR. CAIXA, APOS O VENCIMENTO COBRAR 2% DE MULTA                                 NAO RECEBER APOS 30 DIAS DO VENCIMENTO.                                                                                                                                                                                                         05092200000000000000509220000000000000       0090339900006270100838092214000078
100000000000000000000009033990000627000000000000000000000000010002020031010709221P00000000002            2  01310107092226092200000002383010000000001N020922000000000000000000000000000000000000000000000000000000000000000100031010705890ANDRE GONZALEZ RABELLO                  RUA PARAIBA - 106 AP.61 - POMPEIA - SANT            11065470                                                            000080
2SR. CAIXA, APOS O VENCIMENTO COBRAR 2% DE MULTA                                 NAO RECEBER APOS 30 DIAS DO VENCIMENTO.                                                                                                                                                                                                         05092200000000000000509220000000000000       009033990000627031010709221P000081
100000000000000000000009033990000627000000000000000000000000010002020005351009221900000000002            2  01053510092226092200000002234300000000001N020922000000000000000000000000000000000000000000000000000000000000000100005351015897VALERIA ALVES MARCOLINO HINNIGER        RUA JOSE CALIXTO DO CARMO - 286 AP.92 -             11702690                                                            000083
2SR. CAIXA, APOS O VENCIMENTO COBRAR 2% DE MULTA                                 NAO RECEBER APOS 30 DIAS DO VENCIMENTO.                                                                                                                                                                                                         05092200000000000000509220000000000000       0090339900006270053510092219000084
100000000000000000000009033990000627000000000000000000000000010002020031898709221400000000002            2  01318987092224092200000003555630000000001N020922000000000000000000000000000000000000000000000000000000000000000100031898775800ANITA MARTINS COLOMBO                   RUA CARLOS JOSE BORSTENS - 50 AP.115 - A            11702750                                                            000086
2SR. CAIXA, APOS O VENCIMENTO COBRAR 2% DE MULTA                                 NAO RECEBER APOS 30 DIAS DO VENCIMENTO.                                                                                                                                                                                                         05092200000000000000509220000000000000       0090339900006270318987092214000087
100000000000000000000009033990000627000000000000000000000000010002020037983409221400000000002            2  01379834092226092200000002624610000000001N020922000000000000000000000000000000000000000000000000000000000000000100037983484801JOSE ERIVALDO SOUZA DO NASCIMENTO RAMOS RUA LETICIA - 250 - JARDIM GUARUJA - SAO            05877260                                                            000089
2SR. CAIXA, APOS O VENCIMENTO COBRAR 2% DE MULTA                                 NAO RECEBER APOS 30 DIAS DO VENCIMENTO.                                                                                                                                                                                                         05092200000000000000509220000000000000       0090339900006270379834092214000090
100000000000000000000009033990000627000000000000000000000000010002020056289209221500000000002            2  01562892092226092200000001982730000000001N020922000000000000000000000000000000000000000000000000000000000000000100056289286900PEDRO RIBEIRO                           RUA CONEGO MANOEL VAZ - 48 - SANTANA - S            02019050                                                            000092
2SR. CAIXA, APOS O VENCIMENTO COBRAR 2% DE MULTA                                 NAO RECEBER APOS 30 DIAS DO VENCIMENTO.                                                                                                                                                                                                         05092200000000000000509220000000000000       0090339900006270562892092215000093
100000000000000000000009033990000627000000000000000000000000010002020034735309221100000000002            2  01347353092226092200000002721220000000001N020922000000000000000000000000000000000000000000000000000000000000000100034735328866DIEGO FELIPE MOLINA DA SILVA E SOUSA    RUA EMILIA PAULISTA - 135 - VILA TIRADEN            05364020                                                            000095
2SR. CAIXA, APOS O VENCIMENTO COBRAR 2% DE MULTA                                 NAO RECEBER APOS 30 DIAS DO VENCIMENTO.                                                                                                                                                                                                         05092200000000000000509220000000000000       0090339900006270347353092211000096
100000000000000000000009033990000627000000000000000000000000010002020034812209221500000000002            2  01348122092224092200000004706050000000001N020922000000000000000000000000000000000000000000000000000000000000000100034812226880THAIS TORQUATO MIMOSO DE JESUS          RUA ARNALDO CINTRA - 416 AP.104 TORRE 2             03088000                                                            000098
2SR. CAIXA, APOS O VENCIMENTO COBRAR 2% DE MULTA                                 NAO RECEBER APOS 30 DIAS DO VENCIMENTO.                                                                                                                                                                                                         05092200000000000000509220000000000000       0090339900006270348122092215000099
100000000000000000000009033990000627000000000000000000000000010002020012849409221100000000002            2  01128494092226092200000004687910000000001N020922000000000000000000000000000000000000000000000000000000000000000100012849428809MOISES CLAUDIO DO ROSARIO               AVENIDA DR. AUGUSTO DE TOLEDO - 510 AP.1            09541520                                                            000101
2SR. CAIXA, APOS O VENCIMENTO COBRAR 2% DE MULTA                                 NAO RECEBER APOS 30 DIAS DO VENCIMENTO.                                                                                                                                                                                                         05092200000000000000509220000000000000       0090339900006270128494092211000102
100000000000000000000009033990000627000000000000000000000000010002020003658609221600000000002            2  01036586092226092200000001936660000000001N020922000000000000000000000000000000000000000000000000000000000000000100003658668814MARINEZ VALENTIN                        RUA JOSE CALIXTO DO CARMO - 286 AP.95 -             11702690                                                            000104
2SR. CAIXA, APOS O VENCIMENTO COBRAR 2% DE MULTA                                 NAO RECEBER APOS 30 DIAS DO VENCIMENTO.                                                                                                                                                                                                         05092200000000000000509220000000000000       0090339900006270036586092216000105
100000000000000000000009033990000627000000000000000000000000010002020003658609222400000000002            2  01036586092226092200000001936650000000001N020922000000000000000000000000000000000000000000000000000000000000000100003658668814MARINEZ VALENTIN                        RUA JOSE CALIXTO DO CARMO - 286 AP.95 -             11702690                                                            000107
2SR. CAIXA, APOS O VENCIMENTO COBRAR 2% DE MULTA                                 NAO RECEBER APOS 30 DIAS DO VENCIMENTO.                                                                                                                                                                                                         05092200000000000000509220000000000000       0090339900006270036586092224000108
100000000000000000000009033990000627000000000000000000000000010002020014087409221400000000002            2  01140874092226092200000002588200000000001N020922000000000000000000000000000000000000000000000000000000000000000100014087484874SERGIO SANTOS DO NASCIMENTO             RUA JOSE CALIXTO DO CARMO - 286 AP.52 -             11702690                                                            000110
2SR. CAIXA, APOS O VENCIMENTO COBRAR 2% DE MULTA                                 NAO RECEBER APOS 30 DIAS DO VENCIMENTO.                                                                                                                                                                                                         05092200000000000000509220000000000000       0090339900006270140874092214000111
100000000000000000000009033990000627000000000000000000000000010002020026834509221300000000002            2  01268345092226092200000002384720000000001N020922000000000000000000000000000000000000000000000000000000000000000100026834550895RAQUEL CARDOSO JOAO                     RUA PEDROSO XAVIER - 277 AP.23 TORRE 01             02732020                                                            000113
2SR. CAIXA, APOS O VENCIMENTO COBRAR 2% DE MULTA                                 NAO RECEBER APOS 30 DIAS DO VENCIMENTO.                                                                                                                                                                                                         05092200000000000000509220000000000000       0090339900006270268345092213000114
100000000000000000000009033990000627000000000000000000000000010002020039540009221100000000002            2  01395400092226092200000002344500000000001N020922000000000000000000000000000000000000000000000000000000000000000100039540008816LUZINETE CLARINDO SILVA                 RUA DEINOS - 275 - BAIRRO CIDADE SATELIT            08340100                                                            000116
2SR. CAIXA, APOS O VENCIMENTO COBRAR 2% DE MULTA                                 NAO RECEBER APOS 30 DIAS DO VENCIMENTO.                                                                                                                                                                                                         05092200000000000000509220000000000000       0090339900006270395400092211000117
100000000000000000000009033990000627000000000000000000000000010002020003311009221900000000002            2  01033110092226092200000002441520000000001N020922000000000000000000000000000000000000000000000000000000000000000100003311030877SEBASTIAO SARUVA NETO                   RUA HAMILTON REGIS - 559 - BAIRRO DO LIM            08051440                                                            000119
2SR. CAIXA, APOS O VENCIMENTO COBRAR 2% DE MULTA                                 NAO RECEBER APOS 30 DIAS DO VENCIMENTO.                                                                                                                                                                                                         05092200000000000000509220000000000000       0090339900006270033110092219000120
100000000000000000000009033990000627000000000000000000000000010002020090091909221500000000002            2  01900919092226092200000002333730000000001N020922000000000000000000000000000000000000000000000000000000000000000100090091990882JUECIR CARVALHO DA LUZ                  RUA JOSE CALIXTO DO CARMO - 286 AP.114 -            11702690                                                            000122
2SR. CAIXA, APOS O VENCIMENTO COBRAR 2% DE MULTA                                 NAO RECEBER APOS 30 DIAS DO VENCIMENTO.                                                                                                                                                                                                         05092200000000000000509220000000000000       0090339900006270900919092215000123
100000000000000000000009033990000627000000000000000000000000010002020037325909221700000000002            2  01373259092226092200000001909830000000001N020922000000000000000000000000000000000000000000000000000000000000000100037325923830MARIA AUGUSTA OLIVEIRA DE ANDRADE       RUA JOSE CALIXTO DO CARMO - 286 AP.124 -            11702690                                                            000125
2SR. CAIXA, APOS O VENCIMENTO COBRAR 2% DE MULTA                                 NAO RECEBER APOS 30 DIAS DO VENCIMENTO.                                                                                                                                                                                                         05092200000000000000509220000000000000       0090339900006270373259092217000126
100000000000000000000009033990000627000000000000000000000000010002020012478809221400000000002            2  01124788092224092200000003477850000000001N020922000000000000000000000000000000000000000000000000000000000000000100012478899809VITORIA BATISTA QUEIROZ                 RUA CARVALHO DE FREITAS - 255 AP.71A - V            05728030                                                            000128
2SR. CAIXA, APOS O VENCIMENTO COBRAR 2% DE MULTA                                 NAO RECEBER APOS 30 DIAS DO VENCIMENTO.                                                                                                                                                                                                         05092200000000000000509220000000000000       0090339900006270124788092214000129
100000000000000000000009033990000627000000000000000000000000010002020013184809221500000000002            2  01131848092226092200000002307200000000001N020922000000000000000000000000000000000000000000000000000000000000000100013184856810SYDNEY HENRIQUE GAMARANO JUNIOR         RUA JOSE CALIXTO DO CARMO - 286 AP.125 -            11702690                                                            000131
2SR. CAIXA, APOS O VENCIMENTO COBRAR 2% DE MULTA                                 NAO RECEBER APOS 30 DIAS DO VENCIMENTO.                                                                                                                                                                                                         05092200000000000000509220000000000000       0090339900006270131848092215000132
100000000000000000000009033990000627000000000000000000000000010002020097989909221900000000002            2  01979899092226092200000001603370000000001N020922000000000000000000000000000000000000000000000000000000000000000100097989924820NELSON LUIS BERRIBILLE                  RUA SILVEIRA IGNACIO SOBRINHO - 965 - VI            13560294                                                            000134
2SR. CAIXA, APOS O VENCIMENTO COBRAR 2% DE MULTA                                 NAO RECEBER APOS 30 DIAS DO VENCIMENTO.                                                                                                                                                                                                         05092200000000000000509220000000000000       0090339900006270979899092219000135
100000000000000000000009033990000627000000000000000000000000010002020097989909222700000000002            2  01979899092226092200000001603360000000001N020922000000000000000000000000000000000000000000000000000000000000000100097989924820NELSON LUIS BERRIBILLE                  RUA SILVEIRA IGNACIO SOBRINHO - 965 - VI            13560294                                                            000137
2SR. CAIXA, APOS O VENCIMENTO COBRAR 2% DE MULTA                                 NAO RECEBER APOS 30 DIAS DO VENCIMENTO.                                                                                                                                                                                                         05092200000000000000509220000000000000       0090339900006270979899092227000138
100000000000000000000009033990000627000000000000000000000000010002020032341809221800000000002            2  01323418092224092200000003612500000000001N020922000000000000000000000000000000000000000000000000000000000000000100032341847803PRISCILA ALVES DE FRANCA MIRANDA        RUA CARLOS JOSE BORSTENS - 50 AP.91 - AV            11702750                                                            000140
2SR. CAIXA, APOS O VENCIMENTO COBRAR 2% DE MULTA                                 NAO RECEBER APOS 30 DIAS DO VENCIMENTO.                                                                                                                                                                                                         05092200000000000000509220000000000000       0090339900006270323418092218000141
100000000000000000000009033990000627000000000000000000000000010002020016050609221300000000002            2  01160506092224092200000003353090000000001N020922000000000000000000000000000000000000000000000000000000000000000100016050684898ANDRE RODRIGUES DE OLIVEIRA             RUA CORACAO PAULISTA - 14 - FAZENDA ITAI            08132430                                                            000143
2SR. CAIXA, APOS O VENCIMENTO COBRAR 2% DE MULTA                                 NAO RECEBER APOS 30 DIAS DO VENCIMENTO.                                                                                                                                                                                                         05092200000000000000509220000000000000       0090339900006270160506092213000144
100000000000000000000009033990000627000000000000000000000000010002020021464909221700000000002            2  01214649092224092200000005284570000000001N020922000000000000000000000000000000000000000000000000000000000000000100021464965846ANDREA APARECIDA DE OLIVEIRA PECCI      RUA ANTONIO BOZ MARFIL - 103 - PARQUE DO            05396020                                                            000146
2SR. CAIXA, APOS O VENCIMENTO COBRAR 2% DE MULTA                                 NAO RECEBER APOS 30 DIAS DO VENCIMENTO.                                                                                                                                                                                                         05092200000000000000509220000000000000       0090339900006270214649092217000147
100000000000000000000009033990000627000000000000000000000000010002020030348109221900000000002            2  01303481092224092200000003201910000000001N020922000000000000000000000000000000000000000000000000000000000000000100030348198892KELLY CRISTINA CORDEIRO                 RUA CARLOS JOSE BORSTENS - 50 AP.25 - AV            11702750                                                            000149
2SR. CAIXA, APOS O VENCIMENTO COBRAR 2% DE MULTA                                 NAO RECEBER APOS 30 DIAS DO VENCIMENTO.                                                                                                                                                                                                         05092200000000000000509220000000000000       0090339900006270303481092219000150
9                                                                                                                                                                                                                                                                                                                                                                                                         000151