10400000         2219876470001290000000000000000000003856372936100000000HB SANTOS CONSTRUTORA E INCORPCAIXA ECONOMICA FEDERAL                 10511202113134100005505000000                    REMESSA-PRODUCAO                                 
10400011R0100030 20219876470001297293610000000000000003856372936100000000HB SANTOS CONSTRUTORA E INCORPAPOS VENCIMENTO, COBRAR MULTA DE 2%                                             000000550511202100000000                                 
1040000300002P 0103856372936100000000000140000314737112121122031473711212    3011202100000001000000000000002A0511202120112202100000000000010000000000000000000000000000000000000000000000000000000000000000000000314737112123051030090000000000 
1040000300002Q 011000031473799813MURIEL DA SILVA DE MOURA SOUZA          RUA CAPITAO PAULINO FREIRE - 300 AP.014                08717100MOGI DAS CRUZESSP0000000000000000                                        000                            
1040000300002R 01000000000               000000000               230112021000000000000200                                                                                                                                                       
10400005         000005000000000000000000000000000000000000000000000000000000000000000000000                                                                                                                                                    
10499999         000001000007                                                                                                                                                                                                                   