10400000         221987647/000120000000000000000000003856372936100000000HB SANTOS CONSTRUTORA E INCORPCAIXA ECONOMICA FEDERAL                 11008201714191700003605000000                    REMESSA-PRODUCAO                                 
10400011R0100030 2021987647/000127293610000000000000003856372936100000000HB SANTOS CONSTRUTORA E INCORPAPOS VENCIMENTO, COBRAR MULTA DE 2%                                             000000361008201700000000                                 
1040000300002P 0103856372936100000000000140000301581021121122030158102112    1108201700000000001000000000002A1008201721208201700000000000010000000000000000000000000000000000000000000000000000000000000000000000301581021123051030090000000000 
1040000300002Q 011000002252149892AIRES MOTA                              AV. BRASIL - 600                                       11701090PRAIA GRANDE   SP0000000000000000                                        000                            
1040000300002R 01000000000               000000000               211082017000000000000200                                                                                                                                                       
10400005         000005000000000000000000000000000000000000000000000000000000000000000000000                                                                                                                                                    
10499999         000001000007                                                                                                                                                                                                                   