01REMESSA01COBRANCA       00000000000004991454AIRES CONSTRUTORA E INCORPORAD237BRADESCO       110220        MX0000150                                                                                                                                                                                                                                                                                     000001
100000000000000000000009077090001674800000000000000000000000010002100026984102201900000000002            2  01269841022024022000000001577950000000001N110220000000000000000000000000000000000000000000000000000000000000000100026984181844GISELE APARECIDA MAGALHAES              RUA GRACILIANO RAMOS - 181 - BAIRRO SAO             09581410                                                            000002
2SR. CAIXA, APOS O VENCIMENTO COBRAR 10% DE MULTA                                NAO RECEBER APOS 30 DIAS DO VENCIMENTO.                                                                                                                                                                                                         11022000000000000001102200000000000000       0090770900016748269841022019000003
100000000000000000000009077090001674800000000000000000000000010002100068806202201300000000002            2  01688062022024022000000001400410000000001N110220000000000000000000000000000000000000000000000000000000000000000100068806272853FATIMA MOREIRA SALOMAO                  RUA TORQUATO DE CAMILLO - 84 - CARANDA B            79032031                                                            000005
2SR. CAIXA, APOS O VENCIMENTO COBRAR 10% DE MULTA                                NAO RECEBER APOS 30 DIAS DO VENCIMENTO.                                                                                                                                                                                                         11022000000000000001102200000000000000       0090770900016748688062022013000006
100000000000000000000009077090001674800000000000000000000000010002100004201602201P00000000002            2  01042016022024022000000002033960000000001N110220000000000000000000000000000000000000000000000000000000000000000100004201640817SANDRA APARECIDA TOJAL                  AVENIDA MASCOTE - 81 AP.132 BL.A - VILA             04363000                                                            000008
2SR. CAIXA, APOS O VENCIMENTO COBRAR 10% DE MULTA                                NAO RECEBER APOS 30 DIAS DO VENCIMENTO.                                                                                                                                                                                                         11022000000000000001102200000000000000       009077090001674804201602201P000009
100000000000000000000009077090001674800000000000000000000000010002100000024602201400000000002            2  01000246022024022000000002421350000000001N110220000000000000000000000000000000000000000000000000000000000000000100000024633852JAYME MASRI                             RUA MONTE CASTELO - 296 AP.24 - BAIRRO A            11702720                                                            000011
2SR. CAIXA, APOS O VENCIMENTO COBRAR 10% DE MULTA                                NAO RECEBER APOS 30 DIAS DO VENCIMENTO.                                                                                                                                                                                                         11022000000000000001102200000000000000       0090770900016748000246022014000012
100000000000000000000009077090001674800000000000000000000000010002100013184402201800000000002            2  01131844022024022000000002514250000000001N110220000000000000000000000000000000000000000000000000000000000000000100013184404838CLAUDIO GOMES BAHIA                     RUA MARIA CONCEICAO - 89 - VILA SAO PEDR            07032070                                                            000014
2SR. CAIXA, APOS O VENCIMENTO COBRAR 10% DE MULTA                                NAO RECEBER APOS 30 DIAS DO VENCIMENTO.                                                                                                                                                                                                         11022000000000000001102200000000000000       0090770900016748131844022018000015
100000000000000000000009077090001674800000000000000000000000010002100006055502201300000000002            2  01060555022024022000000003807410000000001N110220000000000000000000000000000000000000000000000000000000000000000100006055565803EDSON ALVES                             RUA EDGAR CODAZZI - 49 CASA 02 - CIDADE             08225280                                                            000017
2SR. CAIXA, APOS O VENCIMENTO COBRAR 10% DE MULTA                                NAO RECEBER APOS 30 DIAS DO VENCIMENTO.                                                                                                                                                                                                         11022000000000000001102200000000000000       0090770900016748060555022013000018
100000000000000000000009077090001674800000000000000000000000010002100021899202201700000000002            2  01218992022024022000000002774080000000001N110220000000000000000000000000000000000000000000000000000000000000000100021899277811ALESSANDRE ALVES ANDRADE                RUA MONTE CASTELO - 262 AP.132 - AVIACAO            11702720                                                            000020
2SR. CAIXA, APOS O VENCIMENTO COBRAR 10% DE MULTA                                NAO RECEBER APOS 30 DIAS DO VENCIMENTO.                                                                                                                                                                                                         11022000000000000001102200000000000000       0090770900016748218992022017000021
100000000000000000000009077090001674800000000000000000000000010002100003441202201100000000002            2  01034412022024022000000002418880000000001N110220000000000000000000000000000000000000000000000000000000000000000100003441232860LUIZ CARLOS CAMARGO BIANCHI             RUA GENERAL LEITE DE CASTRO - 200 - JARD            04182020                                                            000023
2SR. CAIXA, APOS O VENCIMENTO COBRAR 10% DE MULTA                                NAO RECEBER APOS 30 DIAS DO VENCIMENTO.                                                                                                                                                                                                         11022000000000000001102200000000000000       0090770900016748034412022011000024
100000000000000000000009077090001674800000000000000000000000010002100014681402201000000000002            2  01146814022024022000000002509380000000001N110220000000000000000000000000000000000000000000000000000000000000000100014681490830HUMBERTO MOZART CALIXTO                 RUA MONTE CASTELO - 296 AP.41 - AVIACAO             11702720                                                            000026
2SR. CAIXA, APOS O VENCIMENTO COBRAR 10% DE MULTA                                NAO RECEBER APOS 30 DIAS DO VENCIMENTO.                                                                                                                                                                                                         11022000000000000001102200000000000000       0090770900016748146814022010000027
100000000000000000000009077090001674800000000000000000000000010002100023007702201300000000002            2  01230077022024022000000002051800000000001N110220000000000000000000000000000000000000000000000000000000000000000100023007705800BRUNA ANTUN AZEVEDO                     RUA MONTE CASTELO - 296 AP.62 - AVIACAO             11702720                                                            000029
2SR. CAIXA, APOS O VENCIMENTO COBRAR 10% DE MULTA                                NAO RECEBER APOS 30 DIAS DO VENCIMENTO.                                                                                                                                                                                                         11022000000000000001102200000000000000       0090770900016748230077022013000030
100000000000000000000009077090001674800000000000000000000000010002100006550702201100000000002            2  01065507022024022000000002118460000000001N110220000000000000000000000000000000000000000000000000000000000000000100006550730864IVONE APARECIDA VIEIRA GADI TEIXEIRA    RUA SAO FLORENCIO  - 1500 AP.44 BLOCO 01            03733020                                                            000032
2SR. CAIXA, APOS O VENCIMENTO COBRAR 10% DE MULTA                                NAO RECEBER APOS 30 DIAS DO VENCIMENTO.                                                                                                                                                                                                         11022000000000000001102200000000000000       0090770900016748065507022011000033
100000000000000000000009077090001674800000000000000000000000010002100006550702202P00000000002            2  01065507022024022000000002118450000000001N110220000000000000000000000000000000000000000000000000000000000000000100006550730864IVONE APARECIDA VIEIRA GADI TEIXEIRA    RUA SAO FLORENCIO  - 1500 AP.44 BLOCO 01            03733020                                                            000035
2SR. CAIXA, APOS O VENCIMENTO COBRAR 10% DE MULTA                                NAO RECEBER APOS 30 DIAS DO VENCIMENTO.                                                                                                                                                                                                         11022000000000000001102200000000000000       009077090001674806550702202P000036
100000000000000000000009077090001674800000000000000000000000010002100075574002201P00000000002            2  01755740022024022000000003279250000000001N110220000000000000000000000000000000000000000000000000000000000000000100075574063891CASSIO TADEU DA SILVEIRA                RUA CONSELHEIRO MOREIRA DE BARROS - 1.55            02430000                                                            000038
2SR. CAIXA, APOS O VENCIMENTO COBRAR 10% DE MULTA                                NAO RECEBER APOS 30 DIAS DO VENCIMENTO.                                                                                                                                                                                                         11022000000000000001102200000000000000       009077090001674875574002201P000039
100000000000000000000009077090001674800000000000000000000000010002100000764602201800000000002            2  01007646022024022000000002425170000000001N110220000000000000000000000000000000000000000000000000000000000000000100000764632817LUIZ CARLOS ANTUNES JUNIOR              RUA MONTE CASTELO - 262 AP.35 - AVIACAO             11702720                                                            000041
2SR. CAIXA, APOS O VENCIMENTO COBRAR 10% DE MULTA                                NAO RECEBER APOS 30 DIAS DO VENCIMENTO.                                                                                                                                                                                                         11022000000000000001102200000000000000       0090770900016748007646022018000042
100000000000000000000009077090001674800000000000000000000000010002100057014502201400000000002            2  01570145022024022000000002752670000000001N110220000000000000000000000000000000000000000000000000000000000000000100057014582887SONIA MARIA DA SILVA PEGORARO           RUA FRANCO PAULISTA  - 80 - AGUA FRIA -             02332030                                                            000044
2SR. CAIXA, APOS O VENCIMENTO COBRAR 10% DE MULTA                                NAO RECEBER APOS 30 DIAS DO VENCIMENTO.                                                                                                                                                                                                         11022000000000000001102200000000000000       0090770900016748570145022014000045
100000000000000000000009077090001674800000000000000000000000010002100057014502202200000000002            2  01570145022024022000000002752650000000001N110220000000000000000000000000000000000000000000000000000000000000000100057014582887SONIA MARIA DA SILVA PEGORARO           RUA FRANCO PAULISTA  - 80 - AGUA FRIA -             02332030                                                            000047
2SR. CAIXA, APOS O VENCIMENTO COBRAR 10% DE MULTA                                NAO RECEBER APOS 30 DIAS DO VENCIMENTO.                                                                                                                                                                                                         11022000000000000001102200000000000000       0090770900016748570145022022000048
100000000000000000000009077090001674800000000000000000000000010002100057014502203000000000002            2  01570145022024022000000002752660000000001N110220000000000000000000000000000000000000000000000000000000000000000100057014582887SONIA MARIA DA SILVA PEGORARO           RUA FRANCO PAULISTA  - 80 - AGUA FRIA -             02332030                                                            000050
2SR. CAIXA, APOS O VENCIMENTO COBRAR 10% DE MULTA                                NAO RECEBER APOS 30 DIAS DO VENCIMENTO.                                                                                                                                                                                                         11022000000000000001102200000000000000       0090770900016748570145022030000051
100000000000000000000009077090001674800000000000000000000000010002100006505302201100000000002            2  01065053022024022000000002991880000000001N110220000000000000000000000000000000000000000000000000000000000000000100006505382852LUIS ANTONIO DINIS HENRIQUES            RUA ESTEVAO  BAIAO - 520 AP.93A - CAMPO             04624002                                                            000053
2SR. CAIXA, APOS O VENCIMENTO COBRAR 10% DE MULTA                                NAO RECEBER APOS 30 DIAS DO VENCIMENTO.                                                                                                                                                                                                         11022000000000000001102200000000000000       0090770900016748065053022011000054
100000000000000000000009077090001674800000000000000000000000010002100011544702201400000000002            2  01115447022024022000000005435140000000001N110220000000000000000000000000000000000000000000000000000000000000000100011544777620GRACIELY RODRIGUES FERNANDES            RUA MONTE CASTELO - 262 AP.111 - AVIACAO            11702720                                                            000056
2SR. CAIXA, APOS O VENCIMENTO COBRAR 10% DE MULTA                                NAO RECEBER APOS 30 DIAS DO VENCIMENTO.                                                                                                                                                                                                         11022000000000000001102200000000000000       0090770900016748115447022014000057
100000000000000000000009077090001674800000000000000000000000010002100005629002201900000000002            2  01056290022024022000000003952960000000001N110220000000000000000000000000000000000000000000000000000000000000000100005629087819ROMILDO MARTINS PIZA                    RUA MAESTRO ARTURO DE ANGELIS - 190 AP.3            05139010                                                            000059
2SR. CAIXA, APOS O VENCIMENTO COBRAR 10% DE MULTA                                NAO RECEBER APOS 30 DIAS DO VENCIMENTO.                                                                                                                                                                                                         11022000000000000001102200000000000000       0090770900016748056290022019000060
100000000000000000000009077090001674800000000000000000000000010002100034325502201300000000002            2  01343255022024022000000001994820000000001N110220000000000000000000000000000000000000000000000000000000000000000100034325567801LUIZ FERNANDO ALAMINO                   RUA GALDINO NASCIMENTO - 45 - PARQUE GUA            08431650                                                            000062
2SR. CAIXA, APOS O VENCIMENTO COBRAR 10% DE MULTA                                NAO RECEBER APOS 30 DIAS DO VENCIMENTO.                                                                                                                                                                                                         11022000000000000001102200000000000000       0090770900016748343255022013000063
100000000000000000000009077090001674800000000000000000000000010002100021335402201600000000002            2  01213354022024022000000001509550000000001N110220000000000000000000000000000000000000000000000000000000000000000100021335464808RAQUEL FERREIRA RAMOS                   RUA ANTONIO SEVERIANO DE ANDRADE E SILVA            11702400                                                            000065
2SR. CAIXA, APOS O VENCIMENTO COBRAR 10% DE MULTA                                NAO RECEBER APOS 30 DIAS DO VENCIMENTO.                                                                                                                                                                                                         11022000000000000001102200000000000000       0090770900016748213354022016000066
100000000000000000000009077090001674800000000000000000000000010002100005627902201500000000002            2  01056279022024022000000001770090000000001N110220000000000000000000000000000000000000000000000000000000000000000100005627947861FERNANDO CESAR MARCELINO                TRAVESSA CHARLES LEBRUN - 83 - VILA NOVA            02312060                                                            000068
2SR. CAIXA, APOS O VENCIMENTO COBRAR 10% DE MULTA                                NAO RECEBER APOS 30 DIAS DO VENCIMENTO.                                                                                                                                                                                                         11022000000000000001102200000000000000       0090770900016748056279022015000069
100000000000000000000009077090001674800000000000000000000000010002100026187902201100000000002            2  01261879022024022000000001847150000000001N110220000000000000000000000000000000000000000000000000000000000000000100026187960807CARINA CANTACESSO DE SOUZA              RUA MONTE CASTELO - 296 AP.91 - AVIACAO             11702720                                                            000071
2SR. CAIXA, APOS O VENCIMENTO COBRAR 10% DE MULTA                                NAO RECEBER APOS 30 DIAS DO VENCIMENTO.                                                                                                                                                                                                         11022000000000000001102200000000000000       0090770900016748261879022011000072
100000000000000000000009077090001674800000000000000000000000010002100004864902201700000000002            2  01048649022024022000000002468780000000001N110220000000000000000000000000000000000000000000000000000000000000000100004864924600RENATO SANTACHIARA SALVADORI            RUA PENSYLVANIA - 116 - PAYSAGE BRISE -             06730000                                                            000074
2SR. CAIXA, APOS O VENCIMENTO COBRAR 10% DE MULTA                                NAO RECEBER APOS 30 DIAS DO VENCIMENTO.                                                                                                                                                                                                         11022000000000000001102200000000000000       0090770900016748048649022017000075
100000000000000000000009077090001674800000000000000000000000010002100026647602201300000000002            2  01266476022024022000000002734520000000001N110220000000000000000000000000000000000000000000000000000000000000000100026647690816CLAUDIA FUKUDA OGATA BURATTO            RUA MONTE CASTELO - 262 AP.32 - AVIACAO             11702720                                                            000077
2SR. CAIXA, APOS O VENCIMENTO COBRAR 10% DE MULTA                                NAO RECEBER APOS 30 DIAS DO VENCIMENTO.                                                                                                                                                                                                         11022000000000000001102200000000000000       0090770900016748266476022013000078
9                                                                                                                                                                                                                                                                                                                                                                                                         000079