01REMESSA01COBRANCA       00000000000004991454AIRES CONSTRUTORA E INCORPORAD237BRADESCO       120417        MX0000078                                                                                                                                                                                                                                                                                     000001
100000000000000000000009077090001674800000000000000000000000010002100010953144150200000000002            2  01109531441524041700000001221020000000099N120417000000000000000000000000000000000000000000000000000000000000000100049736787320RAIMUNDO VIEIRA DA SILVA                RUA BOLIVIA - 81 AP.ZELADORIA - JARDIM G            11701850                                                            000002
2SR. CAIXA, APOS O VENCIMENTO COBRAR 10% DE MULTA                                NAO RECEBER APOS 30 DIAS DO VENCIMENTO.                                                                                                                                                                                                         12041700000000000001204170000000000000       0090770900016748109531441502000003
100000000000000000000009077090001674800000000000000000000000010002100011027145151500000000002            2  01110271451524041700000001083670000000099N120417000000000000000000000000000000000000000000000000000000000000000100068806272853FATIMA MOREIRA SALOMAO                  RUA TORQUATO DE CAMILLO - 84 - CARANDA B            79032031                                                            000005
2SR. CAIXA, APOS O VENCIMENTO COBRAR 10% DE MULTA                                NAO RECEBER APOS 30 DIAS DO VENCIMENTO.                                                                                                                                                                                                         12041700000000000001204170000000000000       0090770900016748110271451515000006
100000000000000000000009077090001674800000000000000000000000010002100011397144159500000000002            2  01113971441524041700000001498950000000099N120417000000000000000000000000000000000000000000000000000000000000000100049736787320RAIMUNDO VIEIRA DA SILVA                RUA BOLIVIA - 81 AP.ZELADORIA - JARDIM G            11701850                                                            000008
2SR. CAIXA, APOS O VENCIMENTO COBRAR 10% DE MULTA                                NAO RECEBER APOS 30 DIAS DO VENCIMENTO.                                                                                                                                                                                                         12041700000000000001204170000000000000       0090770900016748113971441595000009
100000000000000000000009077090001674800000000000000000000000010002100011594149161200000000002            2  01115941491624041700000001573880000000099N120417000000000000000000000000000000000000000000000000000000000000000100004201640817SANDRA APARECIDA TOJAL                  AVENIDA MASCOTE - 81 AP.132 BL.A - VILA             04363000                                                            000011
2SR. CAIXA, APOS O VENCIMENTO COBRAR 10% DE MULTA                                NAO RECEBER APOS 30 DIAS DO VENCIMENTO.                                                                                                                                                                                                         12041700000000000001204170000000000000       0090770900016748115941491612000012
100000000000000000000009077090001674800000000000000000000000010002100011702150162700000000002            2  01117021501624041700000001685430000000099N120417000000000000000000000000000000000000000000000000000000000000000100025278913819FERNANDO LOPES DA SILVA                 RUA RUBEN DE SOUZA - 387 AP.24A - VILA I            04653170                                                            000014
2SR. CAIXA, APOS O VENCIMENTO COBRAR 10% DE MULTA                                NAO RECEBER APOS 30 DIAS DO VENCIMENTO.                                                                                                                                                                                                         12041700000000000001204170000000000000       0090770900016748117021501627000015
100000000000000000000009077090001674800000000000000000000000010002100011804151163300000000002            2  01118041511624041700000001873690000000099N120417000000000000000000000000000000000000000000000000000000000000000100000024633852JAYME MASRI                             RUA MONTE CASTELO - 296 AP.24 - BAIRRO A            11702720                                                            000017
2SR. CAIXA, APOS O VENCIMENTO COBRAR 10% DE MULTA                                NAO RECEBER APOS 30 DIAS DO VENCIMENTO.                                                                                                                                                                                                         12041700000000000001204170000000000000       0090770900016748118041511633000018
100000000000000000000009077090001674800000000000000000000000010002100012313153168800000000002            2  01123131531624041700000001945550000000099N120417000000000000000000000000000000000000000000000000000000000000000100013184404838CLAUDIO GOMES BAHIA                     RUA MARIA CONCEICAO - 89 - VILA SAO PEDR            07032070                                                            000020
2SR. CAIXA, APOS O VENCIMENTO COBRAR 10% DE MULTA                                NAO RECEBER APOS 30 DIAS DO VENCIMENTO.                                                                                                                                                                                                         12041700000000000001204170000000000000       0090770900016748123131531688000021
100000000000000000000009077090001674800000000000000000000000010002100012426154169P00000000002            2  01124261541624041700000002946210000000099N120417000000000000000000000000000000000000000000000000000000000000000100006055565803EDSON ALVES                             RUA EDGAR CODAZZI - 49 CASA 02 - CIDADE             08225280                                                            000023
2SR. CAIXA, APOS O VENCIMENTO COBRAR 10% DE MULTA                                NAO RECEBER APOS 30 DIAS DO VENCIMENTO.                                                                                                                                                                                                         12041700000000000001204170000000000000       009077090001674812426154169P000024
100000000000000000000009077090001674800000000000000000000000010002100013350161180000000000002            2  01133501611824041700000002146630000000099N120417000000000000000000000000000000000000000000000000000000000000000100021899277811ALESSANDRE ALVES ANDRADE                RUA MONTE CASTELO - 262 AP.132 - AVIACAO            11702720                                                            000026
2SR. CAIXA, APOS O VENCIMENTO COBRAR 10% DE MULTA                                NAO RECEBER APOS 30 DIAS DO VENCIMENTO.                                                                                                                                                                                                         12041700000000000001204170000000000000       0090770900016748133501611800000027
100000000000000000000009077090001674800000000000000000000000010002100013435162183300000000002            2  01134351621824041700000001861170000000099N120417000000000000000000000000000000000000000000000000000000000000000100015739602840EZEQUIEL DOS SANTOS LIMA                RUA MONGUBA - 464 - VILA CARRAO - SAO PA            03438000                                                            000029
2SR. CAIXA, APOS O VENCIMENTO COBRAR 10% DE MULTA                                NAO RECEBER APOS 30 DIAS DO VENCIMENTO.                                                                                                                                                                                                         12041700000000000001204170000000000000       0090770900016748134351621833000030
100000000000000000000009077090001674800000000000000000000000010002100013883165188600000000002            2  01138831651824041700000001871710000000099N120417000000000000000000000000000000000000000000000000000000000000000100003441232860LUIZ CARLOS CAMARGO BIANCHI             RUA GENERAL LEITE DE CASTRO - 200 - JARD            04182020                                                            000032
2SR. CAIXA, APOS O VENCIMENTO COBRAR 10% DE MULTA                                NAO RECEBER APOS 30 DIAS DO VENCIMENTO.                                                                                                                                                                                                         12041700000000000001204170000000000000       0090770900016748138831651886000033
100000000000000000000009077090001674800000000000000000000000010002100014303168194200000000002            2  01143031681924041700000001941760000000099N120417000000000000000000000000000000000000000000000000000000000000000100014681490830HUMBERTO MOZART CALIXTO                 RUA MONTE CASTELO - 296 AP.41 - AVIACAO             11702720                                                            000035
2SR. CAIXA, APOS O VENCIMENTO COBRAR 10% DE MULTA                                NAO RECEBER APOS 30 DIAS DO VENCIMENTO.                                                                                                                                                                                                         12041700000000000001204170000000000000       0090770900016748143031681942000036
9                                                                                                                                                                                                                                                                                                                                                                                                         000037