01REMESSA01COBRANCA       00000000000004991454AIRES CONSTRUTORA E INCORPORAD237BRADESCO       010319        MX0000127                                                                                                                                                                                                                                                                                     000001
100000000000000000000009077090001674800000000000000000000000010002100099740403191800000000002            2  01997404031909031900000002918550000000001N010319000000000000000000000000000000000000000000000000000000000000000100099740451853ARNALDO DA SILVA SALES                  RUA ALEGRE - 210 - VILA SAO RAFAEL - GUA            07053100                                                            000002
2SR. CAIXA, APOS O VENCIMENTO COBRAR 10% DE MULTA                                NAO RECEBER APOS 30 DIAS DO VENCIMENTO.                                                                                                                                                                                                         01031900000000000000103190000000000000       0090770900016748997404031918000003
100000000000000000000009077090001674800000000000000000000000010002100049736703191800000000002            2  01497367031909031900000001770980000000001N010319000000000000000000000000000000000000000000000000000000000000000100049736787320RAIMUNDO VIEIRA DA SILVA                RUA BOLIVIA - 81 AP.ZELADORIA - JARDIM G            11701850                                                            000005
2SR. CAIXA, APOS O VENCIMENTO COBRAR 10% DE MULTA                                NAO RECEBER APOS 30 DIAS DO VENCIMENTO.                                                                                                                                                                                                         01031900000000000000103190000000000000       0090770900016748497367031918000006
100000000000000000000009077090001674800000000000000000000000010002100044380703191200000000002            2  01443807031909031900000004707930000000001N010319000000000000000000000000000000000000000000000000000000000000000100044380725812FERNANDO FIRMINO DOS SANTOS             RUA BARAO GERALDO DE RESENDE - 401 - BAI            05205220                                                            000008
2SR. CAIXA, APOS O VENCIMENTO COBRAR 10% DE MULTA                                NAO RECEBER APOS 30 DIAS DO VENCIMENTO.                                                                                                                                                                                                         01031900000000000000103190000000000000       0090770900016748443807031912000009
100000000000000000000009077090001674800000000000000000000000010002100025469403191300000000002            2  01254694031909031900000001465490000000001N010319000000000000000000000000000000000000000000000000000000000000000100025469470873JULIA MARIA RODRIGUES MARTINS           AVENIDA JOAO FIRMINO - 1229 AP.21 - BAIR            09810260                                                            000011
2SR. CAIXA, APOS O VENCIMENTO COBRAR 10% DE MULTA                                NAO RECEBER APOS 30 DIAS DO VENCIMENTO.                                                                                                                                                                                                         01031900000000000000103190000000000000       0090770900016748254694031913000012
100000000000000000000009077090001674800000000000000000000000010002100004759503191400000000002            2  01047595031909031900000003548080000000001N010319000000000000000000000000000000000000000000000000000000000000000100004759534873AGNALDO PORFIRIO DOS SANTOS             RUA JUVENCIO GASPAR DA SILVA - 35 - SAO             04303060                                                            000014
2SR. CAIXA, APOS O VENCIMENTO COBRAR 10% DE MULTA                                NAO RECEBER APOS 30 DIAS DO VENCIMENTO.                                                                                                                                                                                                         01031900000000000000103190000000000000       0090770900016748047595031914000015
100000000000000000000009077090001674800000000000000000000000010002100090830403191800000000002            2  01908304031909031900000001118560000000001N010319000000000000000000000000000000000000000000000000000000000000000100090830490868IVONETE FERNANDES                       AVENIDA FREDERICO OZANAN - 5504 - VILA R            13215276                                                            000017
2SR. CAIXA, APOS O VENCIMENTO COBRAR 10% DE MULTA                                NAO RECEBER APOS 30 DIAS DO VENCIMENTO.                                                                                                                                                                                                         01031900000000000000103190000000000000       0090770900016748908304031918000018
100000000000000000000009077090001674800000000000000000000000010002100027093903191P00000000002            2  01270939031909031900000002772950000000001N010319000000000000000000000000000000000000000000000000000000000000000100027093944809DAVID ALEXANDRE XAVIER ROCHA            RUA MONTE CASTELO - 296 AP.54 - AVIACAO             11702720                                                            000020
2SR. CAIXA, APOS O VENCIMENTO COBRAR 10% DE MULTA                                NAO RECEBER APOS 30 DIAS DO VENCIMENTO.                                                                                                                                                                                                         01031900000000000000103190000000000000       009077090001674827093903191P000021
100000000000000000000009077090001674800000000000000000000000010002100068273203191600000000002            2  01682732031909031900000002018510000000001N010319000000000000000000000000000000000000000000000000000000000000000100068273290891DERNEVAL JOSE MUNIZ                     RUA MARTINOPOLIS - 98 - JARDIM OTAWA - G            07230230                                                            000023
2SR. CAIXA, APOS O VENCIMENTO COBRAR 10% DE MULTA                                NAO RECEBER APOS 30 DIAS DO VENCIMENTO.                                                                                                                                                                                                         01031900000000000000103190000000000000       0090770900016748682732031916000024
100000000000000000000009077090001674800000000000000000000000010002100001817503191900000000002            2  01018175031909031900000001725070000000001N010319000000000000000000000000000000000000000000000000000000000000000100001817534807SANTINA SALVINA SOARES                  RUA CAIAPOS - 1066 AP.43 - VILA TUPI - P            11703320                                                            000026
2SR. CAIXA, APOS O VENCIMENTO COBRAR 10% DE MULTA                                NAO RECEBER APOS 30 DIAS DO VENCIMENTO.                                                                                                                                                                                                         01031900000000000000103190000000000000       0090770900016748018175031919000027
100000000000000000000009077090001674800000000000000000000000010002100086755703191600000000002            2  01867557031909031900000001863650000000001N010319000000000000000000000000000000000000000000000000000000000000000100086755790800GERALDO JAIR BROGLIATTO                 DR.ARMANDO COSTA MAGALHAES - 176 - VILA             13270490                                                            000029
2SR. CAIXA, APOS O VENCIMENTO COBRAR 10% DE MULTA                                NAO RECEBER APOS 30 DIAS DO VENCIMENTO.                                                                                                                                                                                                         01031900000000000000103190000000000000       0090770900016748867557031916000030
100000000000000000000009077090001674800000000000000000000000010002100007996003191P00000000002            2  01079960031909031900000001851340000000001N010319000000000000000000000000000000000000000000000000000000000000000100007996062862HENRIQUE SALVADOR                       RUA DARDANELOS - 689 - PARQUE NOVO ORATO            09260060                                                            000032
2SR. CAIXA, APOS O VENCIMENTO COBRAR 10% DE MULTA                                NAO RECEBER APOS 30 DIAS DO VENCIMENTO.                                                                                                                                                                                                         01031900000000000000103190000000000000       009077090001674807996003191P000033
100000000000000000000009077090001674800000000000000000000000010002100010066003191700000000002            2  01100660031909031900000002480160000000001N010319000000000000000000000000000000000000000000000000000000000000000100010066071534MOISES ROQUE DO ROSARIO                 RUA DAS PAPOULAS - 53 - VILA BELA - SAO             03202010                                                            000035
2SR. CAIXA, APOS O VENCIMENTO COBRAR 10% DE MULTA                                NAO RECEBER APOS 30 DIAS DO VENCIMENTO.                                                                                                                                                                                                         01031900000000000000103190000000000000       0090770900016748100660031917000036
100000000000000000000009077090001674800000000000000000000000010002100085910003191800000000002            2  01859100031909031900000002829950000000001N010319000000000000000000000000000000000000000000000000000000000000000100085910031872SERGIO NOGUEIRA                         RUA MONTE CASTELO - 262 AP.55 - AVIACAO             11702720                                                            000038
2SR. CAIXA, APOS O VENCIMENTO COBRAR 10% DE MULTA                                NAO RECEBER APOS 30 DIAS DO VENCIMENTO.                                                                                                                                                                                                         01031900000000000000103190000000000000       0090770900016748859100031918000039
100000000000000000000009077090001674800000000000000000000000010002100000746803191100000000002            2  01007468031909031900000002287910000000001N010319000000000000000000000000000000000000000000000000000000000000000100000746845820ANTONIO CARLOS DE MELLO                 RUA CONGO - 118 - PARQUE MONTE ALEGRE -             06756270                                                            000041
2SR. CAIXA, APOS O VENCIMENTO COBRAR 10% DE MULTA                                NAO RECEBER APOS 30 DIAS DO VENCIMENTO.                                                                                                                                                                                                         01031900000000000000103190000000000000       0090770900016748007468031911000042
100000000000000000000009077090001674800000000000000000000000010002100028196103191700000000002            2  01281961031909031900000001647490000000001N010319000000000000000000000000000000000000000000000000000000000000000100028196184808VANESSA NOGUEIRA CAMBUI DA SILVA        CRISTOVAO COLOMBO - 217 - VILA AMERICA -            09110160                                                            000044
2SR. CAIXA, APOS O VENCIMENTO COBRAR 10% DE MULTA                                NAO RECEBER APOS 30 DIAS DO VENCIMENTO.                                                                                                                                                                                                         01031900000000000000103190000000000000       0090770900016748281961031917000045
100000000000000000000009077090001674800000000000000000000000010002100049730803191200000000002            2  01497308031909031900000001352380000000001N010319000000000000000000000000000000000000000000000000000000000000000100049730835420PEDRO LUIZ DO BOM FIM FILHO             RUA NASCER DO SOL - 91 - BAIRRO PIRAPORI            09951475                                                            000047
2SR. CAIXA, APOS O VENCIMENTO COBRAR 10% DE MULTA                                NAO RECEBER APOS 30 DIAS DO VENCIMENTO.                                                                                                                                                                                                         01031900000000000000103190000000000000       0090770900016748497308031912000048
100000000000000000000009077090001674800000000000000000000000010002100027067003191800000000002            2  01270670031909031900000001677900000000001N010319000000000000000000000000000000000000000000000000000000000000000100027067002893MARCIA NASCIMENTO DE MORAES             RUA MONTE CASTELO - 296 AP.11 - AVIACAO             11702720                                                            000050
2SR. CAIXA, APOS O VENCIMENTO COBRAR 10% DE MULTA                                NAO RECEBER APOS 30 DIAS DO VENCIMENTO.                                                                                                                                                                                                         01031900000000000000103190000000000000       0090770900016748270670031918000051
100000000000000000000009077090001674800000000000000000000000010002100064435703191200000000002            2  01644357031909031900000001677900000000001N010319000000000000000000000000000000000000000000000000000000000000000100064435741849JURACY DA SILVA                         RUA JACARATINGA - 192 - JARDIM PIRAJUCAR            05786120                                                            000053
2SR. CAIXA, APOS O VENCIMENTO COBRAR 10% DE MULTA                                NAO RECEBER APOS 30 DIAS DO VENCIMENTO.                                                                                                                                                                                                         01031900000000000000103190000000000000       0090770900016748644357031912000054
100000000000000000000009077090001674800000000000000000000000010002100094921803191100000000002            2  01949218031909031900000001665410000000001N010319000000000000000000000000000000000000000000000000000000000000000100094921890897JOAO JORGE DA ROSA FILHO                RUA OLAVO EGIDIO DE SOUZA ARANHA - 368 A            03822000                                                            000056
2SR. CAIXA, APOS O VENCIMENTO COBRAR 10% DE MULTA                                NAO RECEBER APOS 30 DIAS DO VENCIMENTO.                                                                                                                                                                                                         01031900000000000000103190000000000000       0090770900016748949218031911000057
100000000000000000000009077090001674800000000000000000000000010002100008364803191800000000002            2  01083648031909031900000002020360000000001N010319000000000000000000000000000000000000000000000000000000000000000100008364834800JOSEFINA CORREA RAMA DOS SANTOS         AVENIDA PRESIDENTE CASTELO BRANCO - 3.78            11702700                                                            000059
2SR. CAIXA, APOS O VENCIMENTO COBRAR 10% DE MULTA                                NAO RECEBER APOS 30 DIAS DO VENCIMENTO.                                                                                                                                                                                                         01031900000000000000103190000000000000       0090770900016748083648031918000060
100000000000000000000009077090001674800000000000000000000000010002100037713303191900000000002            2  01377133031909031900000001653010000000001N010319000000000000000000000000000000000000000000000000000000000000000100037713356800JAMILLE PAULA BUENO LOPES               RUA CURIO (COND.NEW VILLE) - 172 - SURU             06509031                                                            000062
2SR. CAIXA, APOS O VENCIMENTO COBRAR 10% DE MULTA                                NAO RECEBER APOS 30 DIAS DO VENCIMENTO.                                                                                                                                                                                                         01031900000000000000103190000000000000       0090770900016748377133031919000063
100000000000000000000009077090001674800000000000000000000000010002100027100903191600000000002            2  01271009031909031900000001925780000000001N010319000000000000000000000000000000000000000000000000000000000000000100027100951810MARCIA RAMALHO RODRIGUES                RUA MONTE CASTELO - 296 AP.82 - AVIACAO             11702720                                                            000065
2SR. CAIXA, APOS O VENCIMENTO COBRAR 10% DE MULTA                                NAO RECEBER APOS 30 DIAS DO VENCIMENTO.                                                                                                                                                                                                         01031900000000000000103190000000000000       0090770900016748271009031916000066
100000000000000000000009077090001674800000000000000000000000010002100076207903191700000000002            2  01762079031909031900000002076890000000001N010319000000000000000000000000000000000000000000000000000000000000000100076207943872JOSE MACEDO RICARTE FILHO               RUA ARTUR LOBO - 181 - JARDIM JABAQUARA             04384060                                                            000068
2SR. CAIXA, APOS O VENCIMENTO COBRAR 10% DE MULTA                                NAO RECEBER APOS 30 DIAS DO VENCIMENTO.                                                                                                                                                                                                         01031900000000000000103190000000000000       0090770900016748762079031917000069
100000000000000000000009077090001674800000000000000000000000010002100094672603191P00000000002            2  01946726031909031900000002622890000000001N010319000000000000000000000000000000000000000000000000000000000000000100094672660834JOSE HENRIQUE SOARES PEREIRA INACIO     RUA MONTE CASTELO - 296 AP.34 - AVIACAO             11702720                                                            000071
2SR. CAIXA, APOS O VENCIMENTO COBRAR 10% DE MULTA                                NAO RECEBER APOS 30 DIAS DO VENCIMENTO.                                                                                                                                                                                                         01031900000000000000103190000000000000       009077090001674894672603191P000072
100000000000000000000009077090001674800000000000000000000000010002100025265203191000000000002            2  01252652031909031900000001426080000000001N010319000000000000000000000000000000000000000000000000000000000000000100025265260862SONIA MARIA CECILIO DA SILVA            RUA PRESIDENTE TANCREDO NEVES - 1093 AP.            06329350                                                            000074
2SR. CAIXA, APOS O VENCIMENTO COBRAR 10% DE MULTA                                NAO RECEBER APOS 30 DIAS DO VENCIMENTO.                                                                                                                                                                                                         01031900000000000000103190000000000000       0090770900016748252652031910000075
100000000000000000000009077090001674800000000000000000000000010002100011381903191800000000002            2  01113819031909031900000002718070000000001N010319000000000000000000000000000000000000000000000000000000000000000100011381987818MARIO DONIZETE MIGUEL DA SILVA          RUA JASPE - 215 - HIGIANOPOLIS - JANDIRA            06642270                                                            000077
2SR. CAIXA, APOS O VENCIMENTO COBRAR 10% DE MULTA                                NAO RECEBER APOS 30 DIAS DO VENCIMENTO.                                                                                                                                                                                                         01031900000000000000103190000000000000       0090770900016748113819031918000078
100000000000000000000009077090001674800000000000000000000000010002100020105503191400000000002            2  01201055031909031900000002203230000000001N010319000000000000000000000000000000000000000000000000000000000000000100020105503827VALTER DE SOUSA LIBARINO FILHO          RUA DAS PAINEIRAS - 140 - BAIRRO LARANJE            07741205                                                            000080
2SR. CAIXA, APOS O VENCIMENTO COBRAR 10% DE MULTA                                NAO RECEBER APOS 30 DIAS DO VENCIMENTO.                                                                                                                                                                                                         01031900000000000000103190000000000000       0090770900016748201055031914000081
9                                                                                                                                                                                                                                                                                                                                                                                                         000082