01REMESSA01COBRANCA       00000000000004991454AIRES CONSTRUTORA E INCORPORAD237BRADESCO       010417        MX0000077                                                                                                                                                                                                                                                                                     000001
100000000000000000000009077090001674800000000000000000000000010002100011259147157600000000002            2  01112591471509041700000002452810000000099N010417000000000000000000000000000000000000000000000000000000000000000100099740451853ARNALDO DA SILVA SALES                  RUA ALEGRE - 210 - VILA SAO RAFAEL - GUA            07053100                                                            000002
2SR. CAIXA, APOS O VENCIMENTO COBRAR 10% DE MULTA                                NAO RECEBER APOS 30 DIAS DO VENCIMENTO.                                                                                                                                                                                                         01041700000000000000104170000000000000       0090770900016748112591471576000003
100000000000000000000009077090001674800000000000000000000000010002100011488148160800000000002            2  01114881481609041700000003956620000000099N010417000000000000000000000000000000000000000000000000000000000000000100044380725812FERNANDO FIRMINO DOS SANTOS             RUA BARAO GERALDO DE RESENDE - 401 - BAI            05205220                                                            000005
2SR. CAIXA, APOS O VENCIMENTO COBRAR 10% DE MULTA                                NAO RECEBER APOS 30 DIAS DO VENCIMENTO.                                                                                                                                                                                                         01041700000000000000104170000000000000       0090770900016748114881481608000006
100000000000000000000009077090001674800000000000000000000000010002100012608155171100000000002            2  01126081551709041700000001231620000000099N010417000000000000000000000000000000000000000000000000000000000000000100025469470873JULIA MARIA RODRIGUES MARTINS           AVENIDA JOAO FIRMINO - 1229 AP.21 - BAIR            09810260                                                            000008
2SR. CAIXA, APOS O VENCIMENTO COBRAR 10% DE MULTA                                NAO RECEBER APOS 30 DIAS DO VENCIMENTO.                                                                                                                                                                                                         01041700000000000000104170000000000000       0090770900016748126081551711000009
100000000000000000000009077090001674800000000000000000000000010002100012790156173P00000000002            2  01127901561709041700000001872160000000099N010417000000000000000000000000000000000000000000000000000000000000000100027396176824WALDINEA BORGES DIAS                    RUA CAP. JOAQUIM F.PEREIRA - 95 - JARDIM            13710000                                                            000011
2SR. CAIXA, APOS O VENCIMENTO COBRAR 10% DE MULTA                                NAO RECEBER APOS 30 DIAS DO VENCIMENTO.                                                                                                                                                                                                         01041700000000000000104170000000000000       009077090001674812790156173P000012
100000000000000000000009077090001674800000000000000000000000010002100012892157174600000000002            2  01128921571709041700000002981870000000099N010417000000000000000000000000000000000000000000000000000000000000000100004759534873AGNALDO PORFIRIO DOS SANTOS             RUA JUVENCIO GASPAR DA SILVA - 35 - SAO             04303060                                                            000014
2SR. CAIXA, APOS O VENCIMENTO COBRAR 10% DE MULTA                                NAO RECEBER APOS 30 DIAS DO VENCIMENTO.                                                                                                                                                                                                         01041700000000000000104170000000000000       0090770900016748128921571746000015
100000000000000000000009077090001674800000000000000000000000010002100013113159177200000000002            2  01131131591709041700000001606960000000099N010417000000000000000000000000000000000000000000000000000000000000000100014924049859KATIA REGINA DE OLIVEIRA SILVA          RUA ANTONIO SIMIONATO - 73 AP.14 - SANTA            09780180                                                            000017
2SR. CAIXA, APOS O VENCIMENTO COBRAR 10% DE MULTA                                NAO RECEBER APOS 30 DIAS DO VENCIMENTO.                                                                                                                                                                                                         01041700000000000000104170000000000000       0090770900016748131131591772000018
100000000000000000000009077090001674800000000000000000000000010002100013213160178200000000002            2  01132131601709041700000000940080000000099N010417000000000000000000000000000000000000000000000000000000000000000100090830490868IVONETE FERNANDES                       AVENIDA FREDERICO OZANAN - 5504 - VILA R            13215276                                                            000020
2SR. CAIXA, APOS O VENCIMENTO COBRAR 10% DE MULTA                                NAO RECEBER APOS 30 DIAS DO VENCIMENTO.                                                                                                                                                                                                         01041700000000000000104170000000000000       0090770900016748132131601782000021
100000000000000000000009077090001674800000000000000000000000010002100013534163184500000000002            2  01135341631809041700000002330430000000099N010417000000000000000000000000000000000000000000000000000000000000000100027093944809DAVID ALEXANDRE XAVIER ROCHA            RUA MONTE CASTELO - 296 AP.54 - AVIACAO             11702720                                                            000023
2SR. CAIXA, APOS O VENCIMENTO COBRAR 10% DE MULTA                                NAO RECEBER APOS 30 DIAS DO VENCIMENTO.                                                                                                                                                                                                         01041700000000000000104170000000000000       0090770900016748135341631845000024
100000000000000000000009077090001674800000000000000000000000010002100013702164186100000000002            2  01137021641809041700000001696410000000099N010417000000000000000000000000000000000000000000000000000000000000000100068273290891DERNEVAL JOSE MUNIZ                     RUA MARTINOPOLIS - 98 - JARDIM OTAWA - G            07230230                                                            000026
2SR. CAIXA, APOS O VENCIMENTO COBRAR 10% DE MULTA                                NAO RECEBER APOS 30 DIAS DO VENCIMENTO.                                                                                                                                                                                                         01041700000000000000104170000000000000       0090770900016748137021641861000027
100000000000000000000009077090001674800000000000000000000000010002100013977166189100000000002            2  01139771661809041700000001449770000000099N010417000000000000000000000000000000000000000000000000000000000000000100001817534807SANTINA SALVINA SOARES                  RUA CAIAPOS - 1054 AP.43 - VILA TUPI - P            11703320                                                            000029
2SR. CAIXA, APOS O VENCIMENTO COBRAR 10% DE MULTA                                NAO RECEBER APOS 30 DIAS DO VENCIMENTO.                                                                                                                                                                                                         01041700000000000000104170000000000000       0090770900016748139771661891000030
100000000000000000000009077090001674800000000000000000000000010002100014078167190700000000002            2  01140781671909041700000001566240000000099N010417000000000000000000000000000000000000000000000000000000000000000100086755790800GERALDO JAIR BROGLIATTO                 DR.ARMANDO COSTA MAGALHAES - 176 - VILA             13270490                                                            000032
2SR. CAIXA, APOS O VENCIMENTO COBRAR 10% DE MULTA                                NAO RECEBER APOS 30 DIAS DO VENCIMENTO.                                                                                                                                                                                                         01041700000000000000104170000000000000       0090770900016748140781671907000033
100000000000000000000009077090001674800000000000000000000000010002100014416169196200000000002            2  01144161691911041700000001800000000000099N010417000000000000000000000000000000000000000000000000000000000000000100013191291881MARCELO RICARDO MASCAROS SOUTO          RUA MONTE CASTELO - 295 AP.102 - AVIACAO            11702720                                                            000035
2SR. CAIXA, APOS O VENCIMENTO COBRAR 10% DE MULTA                                NAO RECEBER APOS 30 DIAS DO VENCIMENTO.                                                                                                                                                                                                         01041700000000000000104170000000000000       0090770900016748144161691962000036
100000000000000000000009077090001674800000000000000000000000010002100014448170197400000000002            2  01144481701909041700000001555870000000099N010417000000000000000000000000000000000000000000000000000000000000000100007996062862HENRIQUE SALVADOR                       RUA DARDANELOS - 689 - PARQUE NOVO ORATO            09260060                                                            000038
2SR. CAIXA, APOS O VENCIMENTO COBRAR 10% DE MULTA                                NAO RECEBER APOS 30 DIAS DO VENCIMENTO.                                                                                                                                                                                                         01041700000000000000104170000000000000       0090770900016748144481701974000039
9                                                                                                                                                                                                                                                                                                                                                                                                         000040