01REMESSA01COBRANCA       00000000000004991788AIRES DESENVOLVIMENTO IMOBILIA237BRADESCO       121119        MX0000165                                                                                                                                                                                                                                                                                     000001
100000000000000000000009077090011897400000000000000000000000010002100027324011191700000000002            2  01273240111924111900000001667670000000001N111119000000000000000000000000000000000000000000000000000000000000000100027324099874LEONARDO BORGES DUARTE SILVA            RUA JOSE CALIXTO DO CARMO - 265 AP.94 -             11702690                                                            000002
2SR. CAIXA, APOS O VENCIMENTO COBRAR 10% DE MULTA                                NAO RECEBER APOS 30 DIAS DO VENCIMENTO.                                                                                                                                                                                                         12111900000000000001211190000000000000       0090770900118974273240111917000003
100000000000000000000009077090011897400000000000000000000000010002100084057911191800000000002            2  01840579111927111900000002000000000000001N111119000000000000000000000000000000000000000000000000000000000000000100084057904891ANTONIO GONZAGA DOS SANTOS              RUA BRIGADEIRO JOSE FERREIRA - 319 - CAN            11700470                                                            000005
2SR. CAIXA, APOS O VENCIMENTO COBRAR 10% DE MULTA                                NAO RECEBER APOS 30 DIAS DO VENCIMENTO.                                                                                                                                                                                                         12111900000000000001211190000000000000       0090770900118974840579111918000006
100000000000000000000009077090011897400000000000000000000000010002100036782011191900000000002            2  01367820111924111900000001605400000000001N111119000000000000000000000000000000000000000000000000000000000000000100036782058871ANA PAULA BUENO DA COSTA                RUA MARIQUITA ARTACHO - 218 CASA 3 - JAR            03716000                                                            000008
2SR. CAIXA, APOS O VENCIMENTO COBRAR 10% DE MULTA                                NAO RECEBER APOS 30 DIAS DO VENCIMENTO.                                                                                                                                                                                                         12111900000000000001211190000000000000       0090770900118974367820111919000009
100000000000000000000009077090011897400000000000000000000000010002100018272711191700000000002            2  01182727111927111900000001800000000000001N111119000000000000000000000000000000000000000000000000000000000000000100018272729881HENRY CESAR UEDA                        RUA MONTE CASTELO - 295 AP.94 - AVIACAO             11702720                                                            000011
2SR. CAIXA, APOS O VENCIMENTO COBRAR 10% DE MULTA                                NAO RECEBER APOS 30 DIAS DO VENCIMENTO.                                                                                                                                                                                                         12111900000000000001211190000000000000       0090770900118974182727111917000012
100000000000000000000009077090011897400000000000000000000000010002100027300911191200000000002            2  01273009111924111900000001868520000000001N111119000000000000000000000000000000000000000000000000000000000000000100027300953816HOSANA DOS SANTOS MOLEIRO               RUA JOSE CALIXTO DO CARMO - 295 AP.61 -             11702690                                                            000014
2SR. CAIXA, APOS O VENCIMENTO COBRAR 10% DE MULTA                                NAO RECEBER APOS 30 DIAS DO VENCIMENTO.                                                                                                                                                                                                         12111900000000000001211190000000000000       0090770900118974273009111912000015
100000000000000000000009077090011897400000000000000000000000010002100027300911192000000000002            2  01273009111924111900000001868490000000001N111119000000000000000000000000000000000000000000000000000000000000000100027300953816HOSANA DOS SANTOS MOLEIRO               RUA JOSE CALIXTO DO CARMO - 295 AP.61 -             11702690                                                            000017
2SR. CAIXA, APOS O VENCIMENTO COBRAR 10% DE MULTA                                NAO RECEBER APOS 30 DIAS DO VENCIMENTO.                                                                                                                                                                                                         12111900000000000001211190000000000000       0090770900118974273009111920000018
100000000000000000000009077090011897400000000000000000000000010002100027300911193900000000002            2  01273009111924111900000001868500000000001N111119000000000000000000000000000000000000000000000000000000000000000100027300953816HOSANA DOS SANTOS MOLEIRO               RUA JOSE CALIXTO DO CARMO - 295 AP.61 -             11702690                                                            000020
2SR. CAIXA, APOS O VENCIMENTO COBRAR 10% DE MULTA                                NAO RECEBER APOS 30 DIAS DO VENCIMENTO.                                                                                                                                                                                                         12111900000000000001211190000000000000       0090770900118974273009111939000021
100000000000000000000009077090011897400000000000000000000000010002100027300911194700000000002            2  01273009111924111900000001868510000000001N111119000000000000000000000000000000000000000000000000000000000000000100027300953816HOSANA DOS SANTOS MOLEIRO               RUA JOSE CALIXTO DO CARMO - 295 AP.61 -             11702690                                                            000023
2SR. CAIXA, APOS O VENCIMENTO COBRAR 10% DE MULTA                                NAO RECEBER APOS 30 DIAS DO VENCIMENTO.                                                                                                                                                                                                         12111900000000000001211190000000000000       0090770900118974273009111947000024
9                                                                                                                                                                                                                                                                                                                                                                                                         000025