01REMESSA01COBRANCA       00000000000004991788AIRES DESENVOLVIMENTO IMOBILIA237BRADESCO       090318        MX0000125                                                                                                                                                                                                                                                                                     000001
100000000000000000000009077090011897400000000000000000000000010002100011088003181600000000002            2  01110880031825031800000001867990000000001N090318000000000000000000000000000000000000000000000000000000000000000100011088018890LUIZ CARLOS VITORINO MADEIRA            RUA JOSE CALIXTO DO CARMO - 265 AP. 32 -            11702690                                                            000002
2SR. CAIXA, APOS O VENCIMENTO COBRAR 10% DE MULTA                                NAO RECEBER APOS 30 DIAS DO VENCIMENTO.                                                                                                                                                                                                         09031800000000000000903180000000000000       0090770900118974110880031816000003
100000000000000000000009077090011897400000000000000000000000010002100004007803181000000000002            2  01040078031825031800000002718160000000001N090318000000000000000000000000000000000000000000000000000000000000000100004007807809CLAUDIO CANESCHI                        RUA AGRESTE  DE ITABAINA - 663 - VILA UN            03683000                                                            000005
2SR. CAIXA, APOS O VENCIMENTO COBRAR 10% DE MULTA                                NAO RECEBER APOS 30 DIAS DO VENCIMENTO.                                                                                                                                                                                                         09031800000000000000903180000000000000       0090770900118974040078031810000006
100000000000000000000009077090011897400000000000000000000000010002100000796503181P00000000002            2  01007965031825031800000003031720000000001N090318000000000000000000000000000000000000000000000000000000000000000100000796517800WLADIMIR RODRIGUES                      R:JOSE DA SILVA RIBEIRO - 576 AP.233 - B            05726130                                                            000008
2SR. CAIXA, APOS O VENCIMENTO COBRAR 10% DE MULTA                                NAO RECEBER APOS 30 DIAS DO VENCIMENTO.                                                                                                                                                                                                         09031800000000000000903180000000000000       009077090011897400796503181P000009
100000000000000000000009077090011897400000000000000000000000010002100015110703181300000000002            2  01151107031825031800000002949280000000001N090318000000000000000000000000000000000000000000000000000000000000000100015110751803LILIAN CARRARA DA SILVA CANDIDO         ALAMEDA VICENTE DE CARVALHO - 65 - JARDI            07600000                                                            000011
2SR. CAIXA, APOS O VENCIMENTO COBRAR 10% DE MULTA                                NAO RECEBER APOS 30 DIAS DO VENCIMENTO.                                                                                                                                                                                                         09031800000000000000903180000000000000       0090770900118974151107031813000012
100000000000000000000009077090011897400000000000000000000000010002100005204603181700000000002            2  01052046031825031800000002852870000000001N090318000000000000000000000000000000000000000000000000000000000000000100005204692835RINALDO DA MOTTA                        JOSE CALIXTO DO CARMO - 265 AP.93 - AVIA            11702690                                                            000014
2SR. CAIXA, APOS O VENCIMENTO COBRAR 10% DE MULTA                                NAO RECEBER APOS 30 DIAS DO VENCIMENTO.                                                                                                                                                                                                         09031800000000000000903180000000000000       0090770900118974052046031817000015
100000000000000000000009077090011897400000000000000000000000010002100022090403181200000000002            2  01220904031825031800000002259930000000001N090318000000000000000000000000000000000000000000000000000000000000000100022090439807FELIPE LUCIO LOPES                      RUA JOSE CALIXTO DO CARMO - 265 AP.103 -            11702690                                                            000017
2SR. CAIXA, APOS O VENCIMENTO COBRAR 10% DE MULTA                                NAO RECEBER APOS 30 DIAS DO VENCIMENTO.                                                                                                                                                                                                         09031800000000000000903180000000000000       0090770900118974220904031812000018
100000000000000000000009077090011897400000000000000000000000010002100005677403181000000000002            2  01056774031825031800000002968640000000001N090318000000000000000000000000000000000000000000000000000000000000000100005677409863ROSA MARIA OLIVIERI MEMOLI              CONSELHEIRO NEBIAS - 1409 - CAMPOS ELISE            01203002                                                            000020
2SR. CAIXA, APOS O VENCIMENTO COBRAR 10% DE MULTA                                NAO RECEBER APOS 30 DIAS DO VENCIMENTO.                                                                                                                                                                                                         09031800000000000000903180000000000000       0090770900118974056774031810000021
100000000000000000000009077090011897400000000000000000000000010002100014497903181P00000000002            2  01144979031824031800000001904310000000001N090318000000000000000000000000000000000000000000000000000000000000000100014497915816FERNANDO JOSE ARRUDA                    RUA JOSE CALIXTO DO CARMO - 265 AP.113 -            11702690                                                            000023
2SR. CAIXA, APOS O VENCIMENTO COBRAR 10% DE MULTA                                NAO RECEBER APOS 30 DIAS DO VENCIMENTO.                                                                                                                                                                                                         09031800000000000000903180000000000000       009077090011897414497903181P000024
100000000000000000000009077090011897400000000000000000000000010002100027324003181600000000002            2  01273240031824031800000001436190000000001N090318000000000000000000000000000000000000000000000000000000000000000100027324099874LEONARDO BORGES DUARTE SILVA            RUA JOSE CALIXTO DO CARMO - 265 AP.94 -             11702690                                                            000026
2SR. CAIXA, APOS O VENCIMENTO COBRAR 10% DE MULTA                                NAO RECEBER APOS 30 DIAS DO VENCIMENTO.                                                                                                                                                                                                         09031800000000000000903180000000000000       0090770900118974273240031816000027
100000000000000000000009077090011897400000000000000000000000010002100036782003181800000000002            2  01367820031824031800000001382560000000001N090318000000000000000000000000000000000000000000000000000000000000000100036782058871ANA PAULA BUENO DA COSTA                RUA MARIQUITA ARTACHO - 218 CASA 3 - JAR            03716000                                                            000029
2SR. CAIXA, APOS O VENCIMENTO COBRAR 10% DE MULTA                                NAO RECEBER APOS 30 DIAS DO VENCIMENTO.                                                                                                                                                                                                         09031800000000000000903180000000000000       0090770900118974367820031818000030
9                                                                                                                                                                                                                                                                                                                                                                                                         000031