01REMESSA01COBRANCA       00000000000004991454AIRES CONSTRUTORA E INCORPORAD237BRADESCO       090817        MX0000087                                                                                                                                                                                                                                                                                     000001
100000000000000000000009077090001674800000000000000000000000010002100010957144150500000000002            2  01109571441524081700000001261070000000001N090817000000000000000000000000000000000000000000000000000000000000000100049736787320RAIMUNDO VIEIRA DA SILVA                RUA BOLIVIA - 81 AP.ZELADORIA - JARDIM G            11701850                                                            000002
2SR. CAIXA, APOS O VENCIMENTO COBRAR 10% DE MULTA                                NAO RECEBER APOS 30 DIAS DO VENCIMENTO.                                                                                                                                                                                                         09081700000000000000908170000000000000       0090770900016748109571441505000003
100000000000000000000009077090001674800000000000000000000000010002100011031145151300000000002            2  01110311451524081700000001119210000000001N090817000000000000000000000000000000000000000000000000000000000000000100068806272853FATIMA MOREIRA SALOMAO                  RUA TORQUATO DE CAMILLO - 84 - CARANDA B            79032031                                                            000005
2SR. CAIXA, APOS O VENCIMENTO COBRAR 10% DE MULTA                                NAO RECEBER APOS 30 DIAS DO VENCIMENTO.                                                                                                                                                                                                         09081700000000000000908170000000000000       0090770900016748110311451513000006
100000000000000000000009077090001674800000000000000000000000010002100011401144159700000000002            2  01114011441524081700000001548110000000001N090817000000000000000000000000000000000000000000000000000000000000000100049736787320RAIMUNDO VIEIRA DA SILVA                RUA BOLIVIA - 81 AP.ZELADORIA - JARDIM G            11701850                                                            000008
2SR. CAIXA, APOS O VENCIMENTO COBRAR 10% DE MULTA                                NAO RECEBER APOS 30 DIAS DO VENCIMENTO.                                                                                                                                                                                                         09081700000000000000908170000000000000       0090770900016748114011441597000009
100000000000000000000009077090001674800000000000000000000000010002100011598149161500000000002            2  01115981491624081700000001625490000000001N090817000000000000000000000000000000000000000000000000000000000000000100004201640817SANDRA APARECIDA TOJAL                  AVENIDA MASCOTE - 81 AP.132 BL.A - VILA             04363000                                                            000011
2SR. CAIXA, APOS O VENCIMENTO COBRAR 10% DE MULTA                                NAO RECEBER APOS 30 DIAS DO VENCIMENTO.                                                                                                                                                                                                         09081700000000000000908170000000000000       0090770900016748115981491615000012
100000000000000000000009077090001674800000000000000000000000010002100011706150162P00000000002            2  01117061501624081700000001740710000000001N090817000000000000000000000000000000000000000000000000000000000000000100025278913819FERNANDO LOPES DA SILVA                 RUA RUBEN DE SOUZA - 387 AP.24A - VILA I            04653170                                                            000014
2SR. CAIXA, APOS O VENCIMENTO COBRAR 10% DE MULTA                                NAO RECEBER APOS 30 DIAS DO VENCIMENTO.                                                                                                                                                                                                         09081700000000000000908170000000000000       009077090001674811706150162P000015
100000000000000000000009077090001674800000000000000000000000010002100011808151163600000000002            2  01118081511624081700000001935140000000001N090817000000000000000000000000000000000000000000000000000000000000000100000024633852JAYME MASRI                             RUA MONTE CASTELO - 296 AP.24 - BAIRRO A            11702720                                                            000017
2SR. CAIXA, APOS O VENCIMENTO COBRAR 10% DE MULTA                                NAO RECEBER APOS 30 DIAS DO VENCIMENTO.                                                                                                                                                                                                         09081700000000000000908170000000000000       0090770900016748118081511636000018
100000000000000000000009077090001674800000000000000000000000010002100012317153168000000000002            2  01123171531624081700000002009350000000001N090817000000000000000000000000000000000000000000000000000000000000000100013184404838CLAUDIO GOMES BAHIA                     RUA MARIA CONCEICAO - 89 - VILA SAO PEDR            07032070                                                            000020
2SR. CAIXA, APOS O VENCIMENTO COBRAR 10% DE MULTA                                NAO RECEBER APOS 30 DIAS DO VENCIMENTO.                                                                                                                                                                                                         09081700000000000000908170000000000000       0090770900016748123171531680000021
100000000000000000000009077090001674800000000000000000000000010002100012430154169800000000002            2  01124301541624081700000003042840000000001N090817000000000000000000000000000000000000000000000000000000000000000100006055565803EDSON ALVES                             RUA EDGAR CODAZZI - 49 CASA 02 - CIDADE             08225280                                                            000023
2SR. CAIXA, APOS O VENCIMENTO COBRAR 10% DE MULTA                                NAO RECEBER APOS 30 DIAS DO VENCIMENTO.                                                                                                                                                                                                         09081700000000000000908170000000000000       0090770900016748124301541698000024
100000000000000000000009077090001674800000000000000000000000010002100013354161180300000000002            2  01133541611824081700000002217030000000001N090817000000000000000000000000000000000000000000000000000000000000000100021899277811ALESSANDRE ALVES ANDRADE                RUA MONTE CASTELO - 262 AP.132 - AVIACAO            11702720                                                            000026
2SR. CAIXA, APOS O VENCIMENTO COBRAR 10% DE MULTA                                NAO RECEBER APOS 30 DIAS DO VENCIMENTO.                                                                                                                                                                                                         09081700000000000000908170000000000000       0090770900016748133541611803000027
100000000000000000000009077090001674800000000000000000000000010002100013439162183600000000002            2  01134391621824081700000001922200000000001N090817000000000000000000000000000000000000000000000000000000000000000100015739602840EZEQUIEL DOS SANTOS LIMA                RUA MONGUBA - 464 - VILA CARRAO - SAO PA            03438000                                                            000029
2SR. CAIXA, APOS O VENCIMENTO COBRAR 10% DE MULTA                                NAO RECEBER APOS 30 DIAS DO VENCIMENTO.                                                                                                                                                                                                         09081700000000000000908170000000000000       0090770900016748134391621836000030
100000000000000000000009077090001674800000000000000000000000010002100013887165188900000000002            2  01138871651824081700000001933100000000001N090817000000000000000000000000000000000000000000000000000000000000000100003441232860LUIZ CARLOS CAMARGO BIANCHI             RUA GENERAL LEITE DE CASTRO - 200 - JARD            04182020                                                            000032
2SR. CAIXA, APOS O VENCIMENTO COBRAR 10% DE MULTA                                NAO RECEBER APOS 30 DIAS DO VENCIMENTO.                                                                                                                                                                                                         09081700000000000000908170000000000000       0090770900016748138871651889000033
100000000000000000000009077090001674800000000000000000000000010002100014307168194500000000002            2  01143071681924081700000002005440000000001N090817000000000000000000000000000000000000000000000000000000000000000100014681490830HUMBERTO MOZART CALIXTO                 RUA MONTE CASTELO - 296 AP.41 - AVIACAO             11702720                                                            000035
2SR. CAIXA, APOS O VENCIMENTO COBRAR 10% DE MULTA                                NAO RECEBER APOS 30 DIAS DO VENCIMENTO.                                                                                                                                                                                                         09081700000000000000908170000000000000       0090770900016748143071681945000036
100000000000000000000009077090001674800000000000000000000000010002100015101174203400000000002            2  01151011742024081700000001639790000000001N090817000000000000000000000000000000000000000000000000000000000000000100023007705800BRUNA ANTUN AZEVEDO                     RUA MONTE CASTELO - 296 AP.62 - AVIACAO             11702720                                                            000038
2SR. CAIXA, APOS O VENCIMENTO COBRAR 10% DE MULTA                                NAO RECEBER APOS 30 DIAS DO VENCIMENTO.                                                                                                                                                                                                         09081700000000000000908170000000000000       0090770900016748151011742034000039
100000000000000000000009077090001674800000000000000000000000010002100015202175204200000000002            2  01152021752024081700000001906110000000001N090817000000000000000000000000000000000000000000000000000000000000000100027944402840MARILENE BOTTONI SIMOES DA SILVA        RUA AMAZONAS - 1205 AP.14 - OSVALDO CRUZ            09540201                                                            000041
2SR. CAIXA, APOS O VENCIMENTO COBRAR 10% DE MULTA                                NAO RECEBER APOS 30 DIAS DO VENCIMENTO.                                                                                                                                                                                                         09081700000000000000908170000000000000       0090770900016748152021752042000042
100000000000000000000009077090001674800000000000000000000000010002100015418177206900000000002            2  01154181772024081700000001693040000000001N090817000000000000000000000000000000000000000000000000000000000000000100006550730864IVONE APARECIDA VIEIRA GADI TEIXEIRA    RUA SAO FLORENCIO  - 1500 AP.44 BLOCO 01            03733020                                                            000044
2SR. CAIXA, APOS O VENCIMENTO COBRAR 10% DE MULTA                                NAO RECEBER APOS 30 DIAS DO VENCIMENTO.                                                                                                                                                                                                         09081700000000000000908170000000000000       0090770900016748154181772069000045
100000000000000000000009077090001674800000000000000000000000010002100015551178208900000000002            2  01155511782024081700000003056090000000001N090817000000000000000000000000000000000000000000000000000000000000000100000930668642VALERIA RODRIGUES DANTAS                RUA MONTE CASTELO - 262 AP.21 - AVIACAO             11702720                                                            000047
2SR. CAIXA, APOS O VENCIMENTO COBRAR 10% DE MULTA                                NAO RECEBER APOS 30 DIAS DO VENCIMENTO.                                                                                                                                                                                                         09081700000000000000908170000000000000       0090770900016748155511782089000048
100000000000000000000009077090001674800000000000000000000000010002100015714179210400000000002            2  01157141792124081700000002620740000000001N090817000000000000000000000000000000000000000000000000000000000000000100075574063891CASSIO TADEU DA SILVEIRA                RUA CONSELHEIRO MOREIRA DE BARROS - 1.55            02430000                                                            000050
2SR. CAIXA, APOS O VENCIMENTO COBRAR 10% DE MULTA                                NAO RECEBER APOS 30 DIAS DO VENCIMENTO.                                                                                                                                                                                                         09081700000000000000908170000000000000       0090770900016748157141792104000051
9                                                                                                                                                                                                                                                                                                                                                                                                         000052