01REMESSA01COBRANCA       00000000000004991781AIRES CONSTRUTORA E INCORPORAD237BRADESCO       090317        MX0000069                                                                                                                                                                                                                                                                                     000001
100000000000000000000009077090006612500000000000000000000000010002100014447125122900000000002            2  01144471251214031700000000018880000000099N090317000000000000000000000000000000000000000000000000000000000000000100002252149892AIRES MOTA DOS SANTOS                   AV. BRASIL - 600 SALA 1009 - BOQUEIRAO -            11701090                                                            000002
2SR. CAIXA, APOS O VENCIMENTO COBRAR 10% DE MULTA                                NAO RECEBER APOS 30 DIAS DO VENCIMENTO.                                                                                                                                                                                                         09031700000000000000903170000000000000       0090770900066125144471251229000003
9                                                                                                                                                                                                                                                                                                                                                                                                         000004