01REMESSA01COBRANCA       00000000000004991454AIRES CONSTRUTORA E INCORPORAD237BRADESCO       010819        MX0000137                                                                                                                                                                                                                                                                                     000001
100000000000000000000009077090001674800000000000000000000000010002100099740408191500000000002            2  01997404081909081900000003029650000000001N010819000000000000000000000000000000000000000000000000000000000000000100099740451853ARNALDO DA SILVA SALES                  RUA ALEGRE - 210 - VILA SAO RAFAEL - GUA            07053100                                                            000002
2SR. CAIXA, APOS O VENCIMENTO COBRAR 10% DE MULTA                                NAO RECEBER APOS 30 DIAS DO VENCIMENTO.                                                                                                                                                                                                         01081900000000000000108190000000000000       0090770900016748997404081915000003
100000000000000000000009077090001674800000000000000000000000010002100044380708191P00000000002            2  01443807081909081900000004887140000000001N010819000000000000000000000000000000000000000000000000000000000000000100044380725812FERNANDO FIRMINO DOS SANTOS             RUA BARAO GERALDO DE RESENDE - 401 - BAI            05205220                                                            000005
2SR. CAIXA, APOS O VENCIMENTO COBRAR 10% DE MULTA                                NAO RECEBER APOS 30 DIAS DO VENCIMENTO.                                                                                                                                                                                                         01081900000000000000108190000000000000       009077090001674844380708191P000006
100000000000000000000009077090001674800000000000000000000000010002100025469408191000000000002            2  01254694081909081900000001521270000000001N010819000000000000000000000000000000000000000000000000000000000000000100025469470873JULIA MARIA RODRIGUES MARTINS           AVENIDA JOAO FIRMINO - 1229 AP.21 - BAIR            09810260                                                            000008
2SR. CAIXA, APOS O VENCIMENTO COBRAR 10% DE MULTA                                NAO RECEBER APOS 30 DIAS DO VENCIMENTO.                                                                                                                                                                                                         01081900000000000000108190000000000000       0090770900016748254694081910000009
100000000000000000000009077090001674800000000000000000000000010002100004759508191100000000002            2  01047595081909081900000003683140000000001N010819000000000000000000000000000000000000000000000000000000000000000100004759534873AGNALDO PORFIRIO DOS SANTOS             RUA JUVENCIO GASPAR DA SILVA - 35 - SAO             04303060                                                            000011
2SR. CAIXA, APOS O VENCIMENTO COBRAR 10% DE MULTA                                NAO RECEBER APOS 30 DIAS DO VENCIMENTO.                                                                                                                                                                                                         01081900000000000000108190000000000000       0090770900016748047595081911000012
100000000000000000000009077090001674800000000000000000000000010002100090830408191500000000002            2  01908304081909081900000001161140000000001N010819000000000000000000000000000000000000000000000000000000000000000100090830490868IVONETE FERNANDES                       AVENIDA FREDERICO OZANAN - 5504 - VILA R            13215276                                                            000014
2SR. CAIXA, APOS O VENCIMENTO COBRAR 10% DE MULTA                                NAO RECEBER APOS 30 DIAS DO VENCIMENTO.                                                                                                                                                                                                         01081900000000000000108190000000000000       0090770900016748908304081915000015
100000000000000000000009077090001674800000000000000000000000010002100027093908191700000000002            2  01270939081909081900000002878510000000001N010819000000000000000000000000000000000000000000000000000000000000000100027093944809DAVID ALEXANDRE XAVIER ROCHA            RUA MONTE CASTELO - 296 AP.54 - AVIACAO             11702720                                                            000017
2SR. CAIXA, APOS O VENCIMENTO COBRAR 10% DE MULTA                                NAO RECEBER APOS 30 DIAS DO VENCIMENTO.                                                                                                                                                                                                         01081900000000000000108190000000000000       0090770900016748270939081917000018
100000000000000000000009077090001674800000000000000000000000010002100068273208191300000000002            2  01682732081909081900000002095350000000001N010819000000000000000000000000000000000000000000000000000000000000000100068273290891DERNEVAL JOSE MUNIZ                     RUA MARTINOPOLIS - 98 - JARDIM OTAWA - G            07230230                                                            000020
2SR. CAIXA, APOS O VENCIMENTO COBRAR 10% DE MULTA                                NAO RECEBER APOS 30 DIAS DO VENCIMENTO.                                                                                                                                                                                                         01081900000000000000108190000000000000       0090770900016748682732081913000021
100000000000000000000009077090001674800000000000000000000000010002100001817508191600000000002            2  01018175081909081900000001790740000000001N010819000000000000000000000000000000000000000000000000000000000000000100001817534807SANTINA SALVINA SOARES                  RUA CAIAPOS - 1066 AP.43 - VILA TUPI - P            11703320                                                            000023
2SR. CAIXA, APOS O VENCIMENTO COBRAR 10% DE MULTA                                NAO RECEBER APOS 30 DIAS DO VENCIMENTO.                                                                                                                                                                                                         01081900000000000000108190000000000000       0090770900016748018175081916000024
100000000000000000000009077090001674800000000000000000000000010002100086755708191300000000002            2  01867557081909081900000001934590000000001N010819000000000000000000000000000000000000000000000000000000000000000100086755790800GERALDO JAIR BROGLIATTO                 DR.ARMANDO COSTA MAGALHAES - 176 - VILA             13270490                                                            000026
2SR. CAIXA, APOS O VENCIMENTO COBRAR 10% DE MULTA                                NAO RECEBER APOS 30 DIAS DO VENCIMENTO.                                                                                                                                                                                                         01081900000000000000108190000000000000       0090770900016748867557081913000027
100000000000000000000009077090001674800000000000000000000000010002100007996008191700000000002            2  01079960081909081900000001921820000000001N010819000000000000000000000000000000000000000000000000000000000000000100007996062862HENRIQUE SALVADOR                       RUA DARDANELOS - 689 - PARQUE NOVO ORATO            09260060                                                            000029
2SR. CAIXA, APOS O VENCIMENTO COBRAR 10% DE MULTA                                NAO RECEBER APOS 30 DIAS DO VENCIMENTO.                                                                                                                                                                                                         01081900000000000000108190000000000000       0090770900016748079960081917000030
100000000000000000000009077090001674800000000000000000000000010002100010066008191400000000002            2  01100660081909081900000002574570000000001N010819000000000000000000000000000000000000000000000000000000000000000100010066071534MOISES ROQUE DO ROSARIO                 RUA DAS PAPOULAS - 53 - VILA BELA - SAO             03202010                                                            000032
2SR. CAIXA, APOS O VENCIMENTO COBRAR 10% DE MULTA                                NAO RECEBER APOS 30 DIAS DO VENCIMENTO.                                                                                                                                                                                                         01081900000000000000108190000000000000       0090770900016748100660081914000033
100000000000000000000009077090001674800000000000000000000000010002100085910008191500000000002            2  01859100081909081900000002937670000000001N010819000000000000000000000000000000000000000000000000000000000000000100085910031872SERGIO NOGUEIRA                         RUA MONTE CASTELO - 262 AP.55 - AVIACAO             11702720                                                            000035
2SR. CAIXA, APOS O VENCIMENTO COBRAR 10% DE MULTA                                NAO RECEBER APOS 30 DIAS DO VENCIMENTO.                                                                                                                                                                                                         01081900000000000000108190000000000000       0090770900016748859100081915000036
100000000000000000000009077090001674800000000000000000000000010002100000746808191900000000002            2  01007468081909081900000002375010000000001N010819000000000000000000000000000000000000000000000000000000000000000100000746845820ANTONIO CARLOS DE MELLO                 RUA CONGO - 118 - PARQUE MONTE ALEGRE -             06756270                                                            000038
2SR. CAIXA, APOS O VENCIMENTO COBRAR 10% DE MULTA                                NAO RECEBER APOS 30 DIAS DO VENCIMENTO.                                                                                                                                                                                                         01081900000000000000108190000000000000       0090770900016748007468081919000039
100000000000000000000009077090001674800000000000000000000000010002100028196108191400000000002            2  01281961081909081900000001710210000000001N010819000000000000000000000000000000000000000000000000000000000000000100028196184808VANESSA NOGUEIRA CAMBUI DA SILVA        CRISTOVAO COLOMBO - 217 - VILA AMERICA -            09110160                                                            000041
2SR. CAIXA, APOS O VENCIMENTO COBRAR 10% DE MULTA                                NAO RECEBER APOS 30 DIAS DO VENCIMENTO.                                                                                                                                                                                                         01081900000000000000108190000000000000       0090770900016748281961081914000042
100000000000000000000009077090001674800000000000000000000000010002100049730808191P00000000002            2  01497308081909081900000001403860000000001N010819000000000000000000000000000000000000000000000000000000000000000100049730835420PEDRO LUIZ DO BOM FIM FILHO             RUA NASCER DO SOL - 91 - BAIRRO PIRAPORI            09951475                                                            000044
2SR. CAIXA, APOS O VENCIMENTO COBRAR 10% DE MULTA                                NAO RECEBER APOS 30 DIAS DO VENCIMENTO.                                                                                                                                                                                                         01081900000000000000108190000000000000       009077090001674849730808191P000045
100000000000000000000009077090001674800000000000000000000000010002100027067008191500000000002            2  01270670081909081900000001741770000000001N010819000000000000000000000000000000000000000000000000000000000000000100027067002893MARCIA NASCIMENTO DE MORAES             RUA MONTE CASTELO - 296 AP.11 - AVIACAO             11702720                                                            000047
2SR. CAIXA, APOS O VENCIMENTO COBRAR 10% DE MULTA                                NAO RECEBER APOS 30 DIAS DO VENCIMENTO.                                                                                                                                                                                                         01081900000000000000108190000000000000       0090770900016748270670081915000048
100000000000000000000009077090001674800000000000000000000000010002100064435708191P00000000002            2  01644357081909081900000001741770000000001N010819000000000000000000000000000000000000000000000000000000000000000100064435741849JURACY DA SILVA                         RUA JACARATINGA - 192 - JARDIM PIRAJUCAR            05786120                                                            000050
2SR. CAIXA, APOS O VENCIMENTO COBRAR 10% DE MULTA                                NAO RECEBER APOS 30 DIAS DO VENCIMENTO.                                                                                                                                                                                                         01081900000000000000108190000000000000       009077090001674864435708191P000051
100000000000000000000009077090001674800000000000000000000000010002100094921808191900000000002            2  01949218081909081900000001728800000000001N010819000000000000000000000000000000000000000000000000000000000000000100094921890897JOAO JORGE DA ROSA FILHO                RUA OLAVO EGIDIO DE SOUZA ARANHA - 368 A            03822000                                                            000053
2SR. CAIXA, APOS O VENCIMENTO COBRAR 10% DE MULTA                                NAO RECEBER APOS 30 DIAS DO VENCIMENTO.                                                                                                                                                                                                         01081900000000000000108190000000000000       0090770900016748949218081919000054
100000000000000000000009077090001674800000000000000000000000010002100008364808191500000000002            2  01083648081909081900000002097270000000001N010819000000000000000000000000000000000000000000000000000000000000000100008364834800JOSEFINA CORREA RAMA DOS SANTOS         AVENIDA PRESIDENTE CASTELO BRANCO - 3.78            11702700                                                            000056
2SR. CAIXA, APOS O VENCIMENTO COBRAR 10% DE MULTA                                NAO RECEBER APOS 30 DIAS DO VENCIMENTO.                                                                                                                                                                                                         01081900000000000000108190000000000000       0090770900016748083648081915000057
100000000000000000000009077090001674800000000000000000000000010002100037713308191600000000002            2  01377133081909081900000001715930000000001N010819000000000000000000000000000000000000000000000000000000000000000100037713356800JAMILLE PAULA BUENO LOPES               RUA CURIO (COND.NEW VILLE) - 172 - SURU             06509031                                                            000059
2SR. CAIXA, APOS O VENCIMENTO COBRAR 10% DE MULTA                                NAO RECEBER APOS 30 DIAS DO VENCIMENTO.                                                                                                                                                                                                         01081900000000000000108190000000000000       0090770900016748377133081916000060
100000000000000000000009077090001674800000000000000000000000010002100027100908191300000000002            2  01271009081909081900000001999080000000001N010819000000000000000000000000000000000000000000000000000000000000000100027100951810MARCIA RAMALHO RODRIGUES                RUA MONTE CASTELO - 296 AP.82 - AVIACAO             11702720                                                            000062
2SR. CAIXA, APOS O VENCIMENTO COBRAR 10% DE MULTA                                NAO RECEBER APOS 30 DIAS DO VENCIMENTO.                                                                                                                                                                                                         01081900000000000000108190000000000000       0090770900016748271009081913000063
100000000000000000000009077090001674800000000000000000000000010002100076207908191400000000002            2  01762079081909081900000002155950000000001N010819000000000000000000000000000000000000000000000000000000000000000100076207943872JOSE MACEDO RICARTE FILHO               RUA ARTUR LOBO - 181 - JARDIM JABAQUARA             04384060                                                            000065
2SR. CAIXA, APOS O VENCIMENTO COBRAR 10% DE MULTA                                NAO RECEBER APOS 30 DIAS DO VENCIMENTO.                                                                                                                                                                                                         01081900000000000000108190000000000000       0090770900016748762079081914000066
100000000000000000000009077090001674800000000000000000000000010002100094672608191700000000002            2  01946726081909081900000002722740000000001N010819000000000000000000000000000000000000000000000000000000000000000100094672660834JOSE HENRIQUE SOARES PEREIRA INACIO     RUA MONTE CASTELO - 296 AP.34 - AVIACAO             11702720                                                            000068
2SR. CAIXA, APOS O VENCIMENTO COBRAR 10% DE MULTA                                NAO RECEBER APOS 30 DIAS DO VENCIMENTO.                                                                                                                                                                                                         01081900000000000000108190000000000000       0090770900016748946726081917000069
100000000000000000000009077090001674800000000000000000000000010002100025265208191800000000002            2  01252652081909081900000001480380000000001N010819000000000000000000000000000000000000000000000000000000000000000100025265260862SONIA MARIA CECILIO DA SILVA            RUA PRESIDENTE TANCREDO NEVES - 1093 AP.            06329350                                                            000071
2SR. CAIXA, APOS O VENCIMENTO COBRAR 10% DE MULTA                                NAO RECEBER APOS 30 DIAS DO VENCIMENTO.                                                                                                                                                                                                         01081900000000000000108190000000000000       0090770900016748252652081918000072
100000000000000000000009077090001674800000000000000000000000010002100011381908191500000000002            2  01113819081909081900000002821540000000001N010819000000000000000000000000000000000000000000000000000000000000000100011381987818MARIO DONIZETE MIGUEL DA SILVA          RUA JASPE - 215 - HIGIANOPOLIS - JANDIRA            06642270                                                            000074
2SR. CAIXA, APOS O VENCIMENTO COBRAR 10% DE MULTA                                NAO RECEBER APOS 30 DIAS DO VENCIMENTO.                                                                                                                                                                                                         01081900000000000000108190000000000000       0090770900016748113819081915000075
100000000000000000000009077090001674800000000000000000000000010002100020105508191100000000002            2  01201055081909081900000002287100000000001N010819000000000000000000000000000000000000000000000000000000000000000100020105503827VALTER DE SOUSA LIBARINO FILHO          RUA DAS PAINEIRAS - 140 - BAIRRO LARANJE            07741205                                                            000077
2SR. CAIXA, APOS O VENCIMENTO COBRAR 10% DE MULTA                                NAO RECEBER APOS 30 DIAS DO VENCIMENTO.                                                                                                                                                                                                         01081900000000000000108190000000000000       0090770900016748201055081911000078
100000000000000000000009077090001674800000000000000000000000010002100003010508191900000000002            2  01030105081909081900000002471220000000001N010819000000000000000000000000000000000000000000000000000000000000000100003010502877GIZELA VIEIRA BARROS                    RUA GIACOMO DALCIN - 157 - NOVA GERTY -             09580350                                                            000080
2SR. CAIXA, APOS O VENCIMENTO COBRAR 10% DE MULTA                                NAO RECEBER APOS 30 DIAS DO VENCIMENTO.                                                                                                                                                                                                         01081900000000000000108190000000000000       0090770900016748030105081919000081
100000000000000000000009077090001674800000000000000000000000010002100036712508191P00000000002            2  01367125081909081900000001840830000000001N010819000000000000000000000000000000000000000000000000000000000000000100036712580803WALTER BARRETO DE ALMEIDA               RUA MONTE CASTELO - 296 AP.44 - AVIACAO             11702720                                                            000083
2SR. CAIXA, APOS O VENCIMENTO COBRAR 10% DE MULTA                                NAO RECEBER APOS 30 DIAS DO VENCIMENTO.                                                                                                                                                                                                         01081900000000000000108190000000000000       009077090001674836712508191P000084
9                                                                                                                                                                                                                                                                                                                                                                                                         000085