01REMESSA01COBRANCA       00000000000004991788AIRES DESENVOLVIMENTO IMOBILIA237BRADESCO       010219        MX0000146                                                                                                                                                                                                                                                                                     000001
100000000000000000000009077090011897400000000000000000000000010002100012708302191000000000002            2  01127083021910021900000001675370000000001N010219000000000000000000000000000000000000000000000000000000000000000100012708342827ADRIANA RATIER CRUZ                     RUA JOSE CALIXTO DO CARMO - 295 APTO 31             11702690                                                            000002
2SR. CAIXA, APOS O VENCIMENTO COBRAR 10% DE MULTA                                NAO RECEBER APOS 30 DIAS DO VENCIMENTO.                                                                                                                                                                                                         01021900000000000000102190000000000000       0090770900118974127083021910000003
100000000000000000000009077090011897400000000000000000000000010002100000452402191700000000002            2  01004524021910021900000001324390000000001N010219000000000000000000000000000000000000000000000000000000000000000100000452415896MARILUCE SANTOS DE ALMEIDA              RUA JOSE CALIXTO DO CARMO - 295 AP.74 -             11702690                                                            000005
2SR. CAIXA, APOS O VENCIMENTO COBRAR 10% DE MULTA                                NAO RECEBER APOS 30 DIAS DO VENCIMENTO.                                                                                                                                                                                                         01021900000000000000102190000000000000       0090770900118974004524021917000006
100000000000000000000009077090011897400000000000000000000000010002100013191202191200000000002            2  01131912021911021900000001800000000000001N010219000000000000000000000000000000000000000000000000000000000000000100013191291881MARCELO RICARDO MASCAROS SOUTO          RUA MONTE CASTELO - 295 AP.102 - AVIACAO            11702720                                                            000008
2SR. CAIXA, APOS O VENCIMENTO COBRAR 10% DE MULTA                                NAO RECEBER APOS 30 DIAS DO VENCIMENTO.                                                                                                                                                                                                         01021900000000000000102190000000000000       0090770900118974131912021912000009
100000000000000000000009077090011897400000000000000000000000010002100028379802191P00000000002            2  01283798021901021900000003434490000000001N010219000000000000000000000000000000000000000000000000000000000000000100028379879805EDMILSON DANIEL GARCIA WATANUKI         AV.PRESIDENTE CASTELO BRANCO - 4718 LOJA            11702700                                                            000011
2SR. CAIXA, APOS O VENCIMENTO COBRAR 10% DE MULTA                                NAO RECEBER APOS 30 DIAS DO VENCIMENTO.                                                                                                                                                                                                         01021900000000000000102190000000000000       009077090011897428379802191P000012
100000000000000000000009077090011897400000000000000000000000010002100039262502191800000000002            2  01392625021911021900000001600000000000001N010219000000000000000000000000000000000000000000000000000000000000000100039262563892DAVID AUGUSTO DOS SANTOS                RUA CONSELHEIRO ELIAS DE CARVALHO - 50 A            04373000                                                            000014
2SR. CAIXA, APOS O VENCIMENTO COBRAR 10% DE MULTA                                NAO RECEBER APOS 30 DIAS DO VENCIMENTO.                                                                                                                                                                                                         01021900000000000000102190000000000000       0090770900118974392625021918000015
100000000000000000000009077090011897400000000000000000000000010002100037288702191800000000002            2  01372887021911021900000001550000000000001N010219000000000000000000000000000000000000000000000000000000000000000100037288754812EVERTON CARDOSO DOS SANTOS              RUA CONSELHEIRO ELIAS DE CARVALHO - 50 A            04373000                                                            000017
2SR. CAIXA, APOS O VENCIMENTO COBRAR 10% DE MULTA                                NAO RECEBER APOS 30 DIAS DO VENCIMENTO.                                                                                                                                                                                                         01021900000000000000102190000000000000       0090770900118974372887021918000018
100000000000000000000009077090011897400000000000000000000000010002100027102802191300000000002            2  01271028021901021900000001200000000000001N010219000000000000000000000000000000000000000000000000000000000000000100027102897847MICHEL RODRIGO LOPES TORRES             RUA BRIGADEIRO FARIA LIMA - 147 AP.152 -            11700630                                                            000020
2SR. CAIXA, APOS O VENCIMENTO COBRAR 10% DE MULTA                                NAO RECEBER APOS 30 DIAS DO VENCIMENTO.                                                                                                                                                                                                         01021900000000000000102190000000000000       0090770900118974271028021913000021
100000000000000000000009077090011897400000000000000000000000010002100000385802191100000000002            2  01003858021911021900000001800000000000001N010219000000000000000000000000000000000000000000000000000000000000000100000385839847SEBASTIAO DELMIRO PEREIRA               RUA TUPINAMBAS - 326 AP.104-A - VILA TUP            11703020                                                            000023
2SR. CAIXA, APOS O VENCIMENTO COBRAR 10% DE MULTA                                NAO RECEBER APOS 30 DIAS DO VENCIMENTO.                                                                                                                                                                                                         01021900000000000000102190000000000000       0090770900118974003858021911000024
9                                                                                                                                                                                                                                                                                                                                                                                                         000025