01REMESSA01COBRANCA       00000000000004991788AIRES DESENVOLVIMENTO IMOBILIA237BRADESCO       110418        MX0000127                                                                                                                                                                                                                                                                                     000001
100000000000000000000009077090011897400000000000000000000000010002100011088004181100000000002            2  01110880041825041800000001877330000000001N110418000000000000000000000000000000000000000000000000000000000000000100011088018890LUIZ CARLOS VITORINO MADEIRA            RUA JOSE CALIXTO DO CARMO - 265 AP. 32 -            11702690                                                            000002
2SR. CAIXA, APOS O VENCIMENTO COBRAR 10% DE MULTA                                NAO RECEBER APOS 30 DIAS DO VENCIMENTO.                                                                                                                                                                                                         11041800000000000001104180000000000000       0090770900118974110880041811000003
100000000000000000000009077090011897400000000000000000000000010002100004007804181600000000002            2  01040078041825041800000002731750000000001N110418000000000000000000000000000000000000000000000000000000000000000100004007807809CLAUDIO CANESCHI                        RUA AGRESTE  DE ITABAINA - 663 - VILA UN            03683000                                                            000005
2SR. CAIXA, APOS O VENCIMENTO COBRAR 10% DE MULTA                                NAO RECEBER APOS 30 DIAS DO VENCIMENTO.                                                                                                                                                                                                         11041800000000000001104180000000000000       0090770900118974040078041816000006
100000000000000000000009077090011897400000000000000000000000010002100015110704181900000000002            2  01151107041825041800000002964030000000001N110418000000000000000000000000000000000000000000000000000000000000000100015110751803LILIAN CARRARA DA SILVA CANDIDO         ALAMEDA VICENTE DE CARVALHO - 65 - JARDI            07600000                                                            000008
2SR. CAIXA, APOS O VENCIMENTO COBRAR 10% DE MULTA                                NAO RECEBER APOS 30 DIAS DO VENCIMENTO.                                                                                                                                                                                                         11041800000000000001104180000000000000       0090770900118974151107041819000009
100000000000000000000009077090011897400000000000000000000000010002100005204604181200000000002            2  01052046041825041800000002867130000000001N110418000000000000000000000000000000000000000000000000000000000000000100005204692835RINALDO DA MOTTA                        JOSE CALIXTO DO CARMO - 265 AP.93 - AVIA            11702690                                                            000011
2SR. CAIXA, APOS O VENCIMENTO COBRAR 10% DE MULTA                                NAO RECEBER APOS 30 DIAS DO VENCIMENTO.                                                                                                                                                                                                         11041800000000000001104180000000000000       0090770900118974052046041812000012
100000000000000000000009077090011897400000000000000000000000010002100022090404181800000000002            2  01220904041825041800000002271230000000001N110418000000000000000000000000000000000000000000000000000000000000000100022090439807FELIPE LUCIO LOPES                      RUA JOSE CALIXTO DO CARMO - 265 AP.103 -            11702690                                                            000014
2SR. CAIXA, APOS O VENCIMENTO COBRAR 10% DE MULTA                                NAO RECEBER APOS 30 DIAS DO VENCIMENTO.                                                                                                                                                                                                         11041800000000000001104180000000000000       0090770900118974220904041818000015
100000000000000000000009077090011897400000000000000000000000010002100005677404181600000000002            2  01056774041825041800000002983480000000001N110418000000000000000000000000000000000000000000000000000000000000000100005677409863ROSA MARIA OLIVIERI MEMOLI              CONSELHEIRO NEBIAS - 1409 - CAMPOS ELISE            01203002                                                            000017
2SR. CAIXA, APOS O VENCIMENTO COBRAR 10% DE MULTA                                NAO RECEBER APOS 30 DIAS DO VENCIMENTO.                                                                                                                                                                                                         11041800000000000001104180000000000000       0090770900118974056774041816000018
100000000000000000000009077090011897400000000000000000000000010002100014497904181500000000002            2  01144979041824041800000001918590000000001N110418000000000000000000000000000000000000000000000000000000000000000100014497915816FERNANDO JOSE ARRUDA                    RUA JOSE CALIXTO DO CARMO - 265 AP.113 -            11702690                                                            000020
2SR. CAIXA, APOS O VENCIMENTO COBRAR 10% DE MULTA                                NAO RECEBER APOS 30 DIAS DO VENCIMENTO.                                                                                                                                                                                                         11041800000000000001104180000000000000       0090770900118974144979041815000021
100000000000000000000009077090011897400000000000000000000000010002100027324004181100000000002            2  01273240041824041800000001446960000000001N110418000000000000000000000000000000000000000000000000000000000000000100027324099874LEONARDO BORGES DUARTE SILVA            RUA JOSE CALIXTO DO CARMO - 265 AP.94 -             11702690                                                            000023
2SR. CAIXA, APOS O VENCIMENTO COBRAR 10% DE MULTA                                NAO RECEBER APOS 30 DIAS DO VENCIMENTO.                                                                                                                                                                                                         11041800000000000001104180000000000000       0090770900118974273240041811000024
100000000000000000000009077090011897400000000000000000000000010002100036782004181300000000002            2  01367820041824041800000001392930000000001N110418000000000000000000000000000000000000000000000000000000000000000100036782058871ANA PAULA BUENO DA COSTA                RUA MARIQUITA ARTACHO - 218 CASA 3 - JAR            03716000                                                            000026
2SR. CAIXA, APOS O VENCIMENTO COBRAR 10% DE MULTA                                NAO RECEBER APOS 30 DIAS DO VENCIMENTO.                                                                                                                                                                                                         11041800000000000001104180000000000000       0090770900118974367820041813000027
9                                                                                                                                                                                                                                                                                                                                                                                                         000028