01REMESSA01COBRANCA       00000000000004991788AIRES DESENVOLVIMENTO IMOBILIA237BRADESCO       010417        MX0000093                                                                                                                                                                                                                                                                                     000001
100000000000000000000009077090011897400000000000000000000000010002100000000190182900000000002            2  01000019018210041700000002300600000000099N010417000000000000000000000000000000000000000000000000000000000000000100021570843805RODRIGO LESSANDRO FREGATE               RUA JOSE PEDRO DORO - 451 BLOCO RIO GRAN            02880010                                                            000002
2SR. CAIXA, APOS O VENCIMENTO COBRAR 10% DE MULTA                                NAO RECEBER APOS 30 DIAS DO VENCIMENTO.                                                                                                                                                                                                         01041700000000000000104170000000000000       0090770900118974000001901829000003
100000000000000000000009077090011897400000000000000000000000010002100000057828478000000000002            2  01005782847810041700000002641520000000099N010417000000000000000000000000000000000000000000000000000000000000000100007508759842LAERCIO DA CRUZ FERREIRA                RUA JOSE BENEDITO SALINAS - 110 APTO 161            04674200                                                            000005
2SR. CAIXA, APOS O VENCIMENTO COBRAR 10% DE MULTA                                NAO RECEBER APOS 30 DIAS DO VENCIMENTO.                                                                                                                                                                                                         01041700000000000000104170000000000000       0090770900118974000578284780000006
100000000000000000000009077090011897400000000000000000000000010002100000061538882600000000002            2  01006153888210041700000002386330000000099N010417000000000000000000000000000000000000000000000000000000000000000100010653257899MARCIO DE SOUZA AZEVEDO                 RUA CASABLANCA - 105 - PARQUE MONTE ALEG            06756400                                                            000008
2SR. CAIXA, APOS O VENCIMENTO COBRAR 10% DE MULTA                                NAO RECEBER APOS 30 DIAS DO VENCIMENTO.                                                                                                                                                                                                         01041700000000000000104170000000000000       0090770900118974000615388826000009
100000000000000000000009077090011897400000000000000000000000010002100000062458983400000000002            2  01006245898310041700000002375730000000099N010417000000000000000000000000000000000000000000000000000000000000000100068006292868FRANCISCO VIEIRA SOUSA                  RUA SERRA DA CANTAREIRA - 104 - JARDIM E            06413090                                                            000011
2SR. CAIXA, APOS O VENCIMENTO COBRAR 10% DE MULTA                                NAO RECEBER APOS 30 DIAS DO VENCIMENTO.                                                                                                                                                                                                         01041700000000000000104170000000000000       0090770900118974000624589834000012
100000000000000000000009077090011897400000000000000000000000010002100000070549792600000000002            2  01007054979210041700000002828150000000099N010417000000000000000000000000000000000000000000000000000000000000000100022288772808FERNANDA TAVARES MASANO                 RUA JOSE CALIXTO DO CARMO - 265 AP. 124             11702690                                                            000014
2SR. CAIXA, APOS O VENCIMENTO COBRAR 10% DE MULTA                                NAO RECEBER APOS 30 DIAS DO VENCIMENTO.                                                                                                                                                                                                         01041700000000000000104170000000000000       0090770900118974000705497926000015
100000000000000000000009077090011897400000000000000000000000010002100000761310298900000000002            2  01076131029810041700000002640990000000099N010417000000000000000000000000000000000000000000000000000000000000000100032223890806ELISANGELA CAMARGO BRAGA                RUA JOSE CALIXTO DO CARMO - 265 AP.24 -             11702690                                                            000017
2SR. CAIXA, APOS O VENCIMENTO COBRAR 10% DE MULTA                                NAO RECEBER APOS 30 DIAS DO VENCIMENTO.                                                                                                                                                                                                         01041700000000000000104170000000000000       0090770900118974007613102989000018
100000000000000000000009077090011897400000000000000000000000010002100007863105101600000000002            2  01786310510110041700000002530450000000099N010417000000000000000000000000000000000000000000000000000000000000000100010177135883VERONICA DE LIMA SANTOS                 RUA ARAGAO - 1099 - TUCURUVI - SAO PAULO            02308001                                                            000020
2SR. CAIXA, APOS O VENCIMENTO COBRAR 10% DE MULTA                                NAO RECEBER APOS 30 DIAS DO VENCIMENTO.                                                                                                                                                                                                         01041700000000000000104170000000000000       0090770900118974078631051016000021
100000000000000000000009077090011897400000000000000000000000010002100008570113109400000000002            2  01857011310910041700000002512720000000099N010417000000000000000000000000000000000000000000000000000000000000000100031000769828ANDREIA CARLA SOUSA                     RUA JOSE CALIXTO DO CARMO - 265 AP.73 -             11702690                                                            000023
2SR. CAIXA, APOS O VENCIMENTO COBRAR 10% DE MULTA                                NAO RECEBER APOS 30 DIAS DO VENCIMENTO.                                                                                                                                                                                                         01041700000000000000104170000000000000       0090770900118974085701131094000024
100000000000000000000009077090011897400000000000000000000000010002100008746115111700000000002            2  01874611511110041700000003200670000000099N010417000000000000000000000000000000000000000000000000000000000000000100027324650899LUCIANO MARTINEZ                        RUA MORGADO DE MATEUS - 473 - VILA MARIA            04015051                                                            000026
2SR. CAIXA, APOS O VENCIMENTO COBRAR 10% DE MULTA                                NAO RECEBER APOS 30 DIAS DO VENCIMENTO.                                                                                                                                                                                                         01041700000000000000104170000000000000       0090770900118974087461151117000027
100000000000000000000009077090011897400000000000000000000000010002100009857129127700000000002            2  01985712912710041700000004712190000000099N010417000000000000000000000000000000000000000000000000000000000000000100005253129863ADILSON JOSE BORGES                     RUA CIRIACO JIMENEZ - 83 - PARQUE NACOES            02996070                                                            000029
2SR. CAIXA, APOS O VENCIMENTO COBRAR 10% DE MULTA                                NAO RECEBER APOS 30 DIAS DO VENCIMENTO.                                                                                                                                                                                                         01041700000000000000104170000000000000       0090770900118974098571291277000030
100000000000000000000009077090011897400000000000000000000000010002100009923129127900000000002            2  01992312912710041700000002233950000000099N010417000000000000000000000000000000000000000000000000000000000000000100005253129863ADILSON JOSE BORGES                     RUA CIRIACO JIMENEZ - 83 - PARQUE NACOES            02996070                                                            000032
2SR. CAIXA, APOS O VENCIMENTO COBRAR 10% DE MULTA                                NAO RECEBER APOS 30 DIAS DO VENCIMENTO.                                                                                                                                                                                                         01041700000000000000104170000000000000       0090770900118974099231291279000033
100000000000000000000009077090011897400000000000000000000000010002100010325136134300000000002            2  01103251361310041700000002360470000000099N010417000000000000000000000000000000000000000000000000000000000000000100003996827830RONALDO PINTO BORGES                    MAGNOLIA DELFIM DA SILVA - 44 - JARDIM O            05363040                                                            000035
2SR. CAIXA, APOS O VENCIMENTO COBRAR 10% DE MULTA                                NAO RECEBER APOS 30 DIAS DO VENCIMENTO.                                                                                                                                                                                                         01041700000000000000104170000000000000       0090770900118974103251361343000036
100000000000000000000009077090011897400000000000000000000000010002100001069622141100000000002            2  01106962214110041700000001349480000000099N010417000000000000000000000000000000000000000000000000000000000000000100012708342827ADRIANA RATIER CRUZ                     RUA JOSE CALIXTO DO CARMO - 295 APTO 31             11702690                                                            000038
2SR. CAIXA, APOS O VENCIMENTO COBRAR 10% DE MULTA                                NAO RECEBER APOS 30 DIAS DO VENCIMENTO.                                                                                                                                                                                                         01041700000000000000104170000000000000       0090770900118974010696221411000039
100000000000000000000009077090011897400000000000000000000000010002100010876143149600000000002            2  01108761431410041700000001184570000000099N010417000000000000000000000000000000000000000000000000000000000000000100000452415896MARILUCE SANTOS DE ALMEIDA              RUA JOSE CALIXTO DO CARMO - 295 AP.74 -             11702690                                                            000041
2SR. CAIXA, APOS O VENCIMENTO COBRAR 10% DE MULTA                                NAO RECEBER APOS 30 DIAS DO VENCIMENTO.                                                                                                                                                                                                         01041700000000000000104170000000000000       0090770900118974108761431496000042
100000000000000000000009077090011897400000000000000000000000010002100012992142175900000000002            2  01129921421701041700000003415230000000099N010417000000000000000000000000000000000000000000000000000000000000000100028379879805EDMILSON DANIEL GARCIA WATANUKI         AV.PRESIDENTE CASTELO BRANCO - 4718 LOJA            11702700                                                            000044
2SR. CAIXA, APOS O VENCIMENTO COBRAR 10% DE MULTA                                NAO RECEBER APOS 30 DIAS DO VENCIMENTO.                                                                                                                                                                                                         01041700000000000000104170000000000000       0090770900118974129921421759000045
100000000000000000000009077090011897400000000000000000000000010002100013410140181100000000002            2  01134101401805041700000001526270000000099N010417000000000000000000000000000000000000000000000000000000000000000100019851254800DOUGLAS TADEU DE ALMEIDA JECKS          RUA CONSELHEIRO ELIAS DE CARVALHO - 50 A            04373000                                                            000047
2SR. CAIXA, APOS O VENCIMENTO COBRAR 10% DE MULTA                                NAO RECEBER APOS 30 DIAS DO VENCIMENTO.                                                                                                                                                                                                         01041700000000000000104170000000000000       0090770900118974134101401811000048
100000000000000000000009077090011897400000000000000000000000010002100013422146182600000000002            2  01134221461811041700000001563110000000099N010417000000000000000000000000000000000000000000000000000000000000000100037491305822NATASHA SILVEIRA DA SILVA               RUA CONSELHEIRO ELIAS DE CARVALHO - 50 A            04373000                                                            000050
2SR. CAIXA, APOS O VENCIMENTO COBRAR 10% DE MULTA                                NAO RECEBER APOS 30 DIAS DO VENCIMENTO.                                                                                                                                                                                                         01041700000000000000104170000000000000       0090770900118974134221461826000051
9                                                                                                                                                                                                                                                                                                                                                                                                         000052