01REMESSA01COBRANCA       00000000000004991454AIRES CONSTRUTORA E INCORPORAD237BRADESCO       090318        MX0000102                                                                                                                                                                                                                                                                                     000001
100000000000000000000009077090001674800000000000000000000000010002100049736703182900000000002            2  01497367031824031800000001328780000000001N090318000000000000000000000000000000000000000000000000000000000000000100049736787320RAIMUNDO VIEIRA DA SILVA                RUA BOLIVIA - 81 AP.ZELADORIA - JARDIM G            11701850                                                            000002
2SR. CAIXA, APOS O VENCIMENTO COBRAR 10% DE MULTA                                NAO RECEBER APOS 30 DIAS DO VENCIMENTO.                                                                                                                                                                                                         09031800000000000000903180000000000000       0090770900016748497367031829000003
100000000000000000000009077090001674800000000000000000000000010002100068806203181000000000002            2  01688062031824031800000001179300000000001N090318000000000000000000000000000000000000000000000000000000000000000100068806272853FATIMA MOREIRA SALOMAO                  RUA TORQUATO DE CAMILLO - 84 - CARANDA B            79032031                                                            000005
2SR. CAIXA, APOS O VENCIMENTO COBRAR 10% DE MULTA                                NAO RECEBER APOS 30 DIAS DO VENCIMENTO.                                                                                                                                                                                                         09031800000000000000903180000000000000       0090770900016748688062031810000006
100000000000000000000009077090001674800000000000000000000000010002100004201603181700000000002            2  01042016031824031800000001712770000000001N090318000000000000000000000000000000000000000000000000000000000000000100004201640817SANDRA APARECIDA TOJAL                  AVENIDA MASCOTE - 81 AP.132 BL.A - VILA             04363000                                                            000008
2SR. CAIXA, APOS O VENCIMENTO COBRAR 10% DE MULTA                                NAO RECEBER APOS 30 DIAS DO VENCIMENTO.                                                                                                                                                                                                         09031800000000000000903180000000000000       0090770900016748042016031817000009
100000000000000000000009077090001674800000000000000000000000010002100025278903181000000000002            2  01252789031824031800000001834170000000001N090318000000000000000000000000000000000000000000000000000000000000000100025278913819FERNANDO LOPES DA SILVA                 RUA RUBEN DE SOUZA - 387 AP.24A - VILA I            04653170                                                            000011
2SR. CAIXA, APOS O VENCIMENTO COBRAR 10% DE MULTA                                NAO RECEBER APOS 30 DIAS DO VENCIMENTO.                                                                                                                                                                                                         09031800000000000000903180000000000000       0090770900016748252789031810000012
100000000000000000000009077090001674800000000000000000000000010002100000024603181100000000002            2  01000246031824031800000002039040000000001N090318000000000000000000000000000000000000000000000000000000000000000100000024633852JAYME MASRI                             RUA MONTE CASTELO - 296 AP.24 - BAIRRO A            11702720                                                            000014
2SR. CAIXA, APOS O VENCIMENTO COBRAR 10% DE MULTA                                NAO RECEBER APOS 30 DIAS DO VENCIMENTO.                                                                                                                                                                                                         09031800000000000000903180000000000000       0090770900016748000246031811000015
100000000000000000000009077090001674800000000000000000000000010002100013184403181500000000002            2  01131844031824031800000002117240000000001N090318000000000000000000000000000000000000000000000000000000000000000100013184404838CLAUDIO GOMES BAHIA                     RUA MARIA CONCEICAO - 89 - VILA SAO PEDR            07032070                                                            000017
2SR. CAIXA, APOS O VENCIMENTO COBRAR 10% DE MULTA                                NAO RECEBER APOS 30 DIAS DO VENCIMENTO.                                                                                                                                                                                                         09031800000000000000903180000000000000       0090770900016748131844031815000018
100000000000000000000009077090001674800000000000000000000000010002100006055503181000000000002            2  01060555031824031800000003206220000000001N090318000000000000000000000000000000000000000000000000000000000000000100006055565803EDSON ALVES                             RUA EDGAR CODAZZI - 49 CASA 02 - CIDADE             08225280                                                            000020
2SR. CAIXA, APOS O VENCIMENTO COBRAR 10% DE MULTA                                NAO RECEBER APOS 30 DIAS DO VENCIMENTO.                                                                                                                                                                                                         09031800000000000000903180000000000000       0090770900016748060555031810000021
100000000000000000000009077090001674800000000000000000000000010002100021899203181400000000002            2  01218992031824031800000002336070000000001N090318000000000000000000000000000000000000000000000000000000000000000100021899277811ALESSANDRE ALVES ANDRADE                RUA MONTE CASTELO - 262 AP.132 - AVIACAO            11702720                                                            000023
2SR. CAIXA, APOS O VENCIMENTO COBRAR 10% DE MULTA                                NAO RECEBER APOS 30 DIAS DO VENCIMENTO.                                                                                                                                                                                                         09031800000000000000903180000000000000       0090770900016748218992031814000024
100000000000000000000009077090001674800000000000000000000000010002100003441203181900000000002            2  01034412031824031800000002036910000000001N090318000000000000000000000000000000000000000000000000000000000000000100003441232860LUIZ CARLOS CAMARGO BIANCHI             RUA GENERAL LEITE DE CASTRO - 200 - JARD            04182020                                                            000026
2SR. CAIXA, APOS O VENCIMENTO COBRAR 10% DE MULTA                                NAO RECEBER APOS 30 DIAS DO VENCIMENTO.                                                                                                                                                                                                         09031800000000000000903180000000000000       0090770900016748034412031819000027
100000000000000000000009077090001674800000000000000000000000010002100014681403181800000000002            2  01146814031824031800000002113120000000001N090318000000000000000000000000000000000000000000000000000000000000000100014681490830HUMBERTO MOZART CALIXTO                 RUA MONTE CASTELO - 296 AP.41 - AVIACAO             11702720                                                            000029
2SR. CAIXA, APOS O VENCIMENTO COBRAR 10% DE MULTA                                NAO RECEBER APOS 30 DIAS DO VENCIMENTO.                                                                                                                                                                                                         09031800000000000000903180000000000000       0090770900016748146814031818000030
100000000000000000000009077090001674800000000000000000000000010002100023007703181000000000002            2  01230077031824031800000001727840000000001N090318000000000000000000000000000000000000000000000000000000000000000100023007705800BRUNA ANTUN AZEVEDO                     RUA MONTE CASTELO - 296 AP.62 - AVIACAO             11702720                                                            000032
2SR. CAIXA, APOS O VENCIMENTO COBRAR 10% DE MULTA                                NAO RECEBER APOS 30 DIAS DO VENCIMENTO.                                                                                                                                                                                                         09031800000000000000903180000000000000       0090770900016748230077031810000033
100000000000000000000009077090001674800000000000000000000000010002100006550703181900000000002            2  01065507031824031800000001783950000000001N090318000000000000000000000000000000000000000000000000000000000000000100006550730864IVONE APARECIDA VIEIRA GADI TEIXEIRA    RUA SAO FLORENCIO  - 1500 AP.44 BLOCO 01            03733020                                                            000035
2SR. CAIXA, APOS O VENCIMENTO COBRAR 10% DE MULTA                                NAO RECEBER APOS 30 DIAS DO VENCIMENTO.                                                                                                                                                                                                         09031800000000000000903180000000000000       0090770900016748065507031819000036
100000000000000000000009077090001674800000000000000000000000010002100000930603181300000000002            2  01009306031824031800000003220190000000001N090318000000000000000000000000000000000000000000000000000000000000000100000930668642VALERIA RODRIGUES DANTAS                RUA MONTE CASTELO - 262 AP.21 - AVIACAO             11702720                                                            000038
2SR. CAIXA, APOS O VENCIMENTO COBRAR 10% DE MULTA                                NAO RECEBER APOS 30 DIAS DO VENCIMENTO.                                                                                                                                                                                                         09031800000000000000903180000000000000       0090770900016748009306031813000039
100000000000000000000009077090001674800000000000000000000000010002100084057903181700000000002            2  01840579031827031800000002000000000000001N090318000000000000000000000000000000000000000000000000000000000000000100084057904891ANTONIO GONZAGA DOS SANTOS              RUA BRIGADEIRO JOSE FERREIRA - 319 - CAN            11700470                                                            000041
2SR. CAIXA, APOS O VENCIMENTO COBRAR 10% DE MULTA                                NAO RECEBER APOS 30 DIAS DO VENCIMENTO.                                                                                                                                                                                                         09031800000000000000903180000000000000       0090770900016748840579031817000042
100000000000000000000009077090001674800000000000000000000000010002100075574003181700000000002            2  01755740031824031800000002761460000000001N090318000000000000000000000000000000000000000000000000000000000000000100075574063891CASSIO TADEU DA SILVEIRA                RUA CONSELHEIRO MOREIRA DE BARROS - 1.55            02430000                                                            000044
2SR. CAIXA, APOS O VENCIMENTO COBRAR 10% DE MULTA                                NAO RECEBER APOS 30 DIAS DO VENCIMENTO.                                                                                                                                                                                                         09031800000000000000903180000000000000       0090770900016748755740031817000045
100000000000000000000009077090001674800000000000000000000000010002100000764603181500000000002            2  01007646031824031800000002042240000000001N090318000000000000000000000000000000000000000000000000000000000000000100000764632817LUIZ CARLOS ANTUNES JUNIOR              RUA MONTE CASTELO - 262 AP.35 - AVIACAO             11702720                                                            000047
2SR. CAIXA, APOS O VENCIMENTO COBRAR 10% DE MULTA                                NAO RECEBER APOS 30 DIAS DO VENCIMENTO.                                                                                                                                                                                                         09031800000000000000903180000000000000       0090770900016748007646031815000048
100000000000000000000009077090001674800000000000000000000000010002100027317603181500000000002            2  01273176031824031800000002001780000000001N090318000000000000000000000000000000000000000000000000000000000000000100027317668591ERONILTON SOUSA MOTA                    AVENIDA PRESIDENTE KENNEDY - 3203 - AVIA            11701330                                                            000050
2SR. CAIXA, APOS O VENCIMENTO COBRAR 10% DE MULTA                                NAO RECEBER APOS 30 DIAS DO VENCIMENTO.                                                                                                                                                                                                         09031800000000000000903180000000000000       0090770900016748273176031815000051
100000000000000000000009077090001674800000000000000000000000010002100066104103181500000000002            2  01661041031824031800000002064570000000001N090318000000000000000000000000000000000000000000000000000000000000000100066104106820ANADIR FERREIRA                         RUA MONTE CASTELO - 296 AP.61 - AVIACAO             11702720                                                            000053
2SR. CAIXA, APOS O VENCIMENTO COBRAR 10% DE MULTA                                NAO RECEBER APOS 30 DIAS DO VENCIMENTO.                                                                                                                                                                                                         09031800000000000000903180000000000000       0090770900016748661041031815000054
100000000000000000000009077090001674800000000000000000000000010002100000741203181100000000002            2  01007412031824031800000001038070000000001N090318000000000000000000000000000000000000000000000000000000000000000100000741264820JOSE JORGE SILVEIRA                     RUA JOSE CALIXTO DO CARMO - 174 AP.82 -             11702690                                                            000056
2SR. CAIXA, APOS O VENCIMENTO COBRAR 10% DE MULTA                                NAO RECEBER APOS 30 DIAS DO VENCIMENTO.                                                                                                                                                                                                         09031800000000000000903180000000000000       0090770900016748007412031811000057
100000000000000000000009077090001674800000000000000000000000010002100057014503181100000000002            2  01570145031824031800000002318010000000001N090318000000000000000000000000000000000000000000000000000000000000000100057014582887SONIA MARIA DA SILVA PEGORARO           RUA FRANCO PAULISTA  - 80 - AGUA FRIA -             02332030                                                            000059
2SR. CAIXA, APOS O VENCIMENTO COBRAR 10% DE MULTA                                NAO RECEBER APOS 30 DIAS DO VENCIMENTO.                                                                                                                                                                                                         09031800000000000000903180000000000000       0090770900016748570145031811000060
100000000000000000000009077090001674800000000000000000000000010002100006505303181900000000002            2  01065053031824031800000010380670000000001N090318000000000000000000000000000000000000000000000000000000000000000100006505382852LUIS ANTONIO DINIS HENRIQUES            RUA ESTEVAO  BAIAO - 520 AP.93A - CAMPO             04624002                                                            000062
2SR. CAIXA, APOS O VENCIMENTO COBRAR 10% DE MULTA                                NAO RECEBER APOS 30 DIAS DO VENCIMENTO.                                                                                                                                                                                                         09031800000000000000903180000000000000       0090770900016748065053031819000063
100000000000000000000009077090001674800000000000000000000000010002100006505303182700000000002            2  01065053031824031800000002519450000000001N090318000000000000000000000000000000000000000000000000000000000000000100006505382852LUIS ANTONIO DINIS HENRIQUES            RUA ESTEVAO  BAIAO - 520 AP.93A - CAMPO             04624002                                                            000065
2SR. CAIXA, APOS O VENCIMENTO COBRAR 10% DE MULTA                                NAO RECEBER APOS 30 DIAS DO VENCIMENTO.                                                                                                                                                                                                         09031800000000000000903180000000000000       0090770900016748065053031827000066
100000000000000000000009077090001674800000000000000000000000010002100011544703181100000000002            2  01115447031824031800000004576930000000001N090318000000000000000000000000000000000000000000000000000000000000000100011544777620GRACIELY RODRIGUES FERNANDES            RUA MONTE CASTELO - 262 AP.111 - AVIACAO            11702720                                                            000068
2SR. CAIXA, APOS O VENCIMENTO COBRAR 10% DE MULTA                                NAO RECEBER APOS 30 DIAS DO VENCIMENTO.                                                                                                                                                                                                         09031800000000000000903180000000000000       0090770900016748115447031811000069
100000000000000000000009077090001674800000000000000000000000010002100005629003181600000000002            2  01056290031824031800000003328790000000001N090318000000000000000000000000000000000000000000000000000000000000000100005629087819ROMILDO MARTINS PIZA                    RUA MAESTRO ARTURO DE ANGELIS - 190 AP.3            05139010                                                            000071
2SR. CAIXA, APOS O VENCIMENTO COBRAR 10% DE MULTA                                NAO RECEBER APOS 30 DIAS DO VENCIMENTO.                                                                                                                                                                                                         09031800000000000000903180000000000000       0090770900016748056290031816000072
9                                                                                                                                                                                                                                                                                                                                                                                                         000073