01REMESSA01COBRANCA       00000000000004991788AIRES DESENVOLVIMENTO IMOBILIA237BRADESCO       010717        MX0000100                                                                                                                                                                                                                                                                                     000001
100000000000000000000009077090011897400000000000000000000000010002100000000193182500000000002            2  01000019318210071700000002338020000000001N010717000000000000000000000000000000000000000000000000000000000000000100021570843805RODRIGO LESSANDRO FREGATE               RUA JOSE PEDRO DORO - 451 BLOCO RIO GRAN            02880010                                                            000002
2SR. CAIXA, APOS O VENCIMENTO COBRAR 10% DE MULTA                                NAO RECEBER APOS 30 DIAS DO VENCIMENTO.                                                                                                                                                                                                         01071700000000000000107170000000000000       0090770900118974000001931825000003
100000000000000000000009077090011897400000000000000000000000010002100000055708375000000000002            2  01005570837510071700000002280210000000001N010717000000000000000000000000000000000000000000000000000000000000000100007456836817REGINA CELIA RONDELLI                   RUA CANANEIA - 168 APTO 134 BL.C2 - SANT            09060480                                                            000005
2SR. CAIXA, APOS O VENCIMENTO COBRAR 10% DE MULTA                                NAO RECEBER APOS 30 DIAS DO VENCIMENTO.                                                                                                                                                                                                         01071700000000000000107170000000000000       0090770900118974000557083750000006
100000000000000000000009077090011897400000000000000000000000010002100000057858478400000000002            2  01005785847810071700000002684490000000001N010717000000000000000000000000000000000000000000000000000000000000000100007508759842LAERCIO DA CRUZ FERREIRA                RUA JOSE BENEDITO SALINAS - 110 APTO 161            04674200                                                            000008
2SR. CAIXA, APOS O VENCIMENTO COBRAR 10% DE MULTA                                NAO RECEBER APOS 30 DIAS DO VENCIMENTO.                                                                                                                                                                                                         01071700000000000000107170000000000000       0090770900118974000578584784000009
100000000000000000000009077090011897400000000000000000000000010002100000061568882P00000000002            2  01006156888210071700000002425150000000001N010717000000000000000000000000000000000000000000000000000000000000000100010653257899MARCIO DE SOUZA AZEVEDO                 RUA CASABLANCA - 105 - PARQUE MONTE ALEG            06756400                                                            000011
2SR. CAIXA, APOS O VENCIMENTO COBRAR 10% DE MULTA                                NAO RECEBER APOS 30 DIAS DO VENCIMENTO.                                                                                                                                                                                                         01071700000000000000107170000000000000       009077090011897400061568882P000012
100000000000000000000009077090011897400000000000000000000000010002100000062488983800000000002            2  01006248898310071700000002414370000000001N010717000000000000000000000000000000000000000000000000000000000000000100068006292868FRANCISCO VIEIRA SOUSA                  RUA SERRA DA CANTAREIRA - 104 - JARDIM E            06413090                                                            000014
2SR. CAIXA, APOS O VENCIMENTO COBRAR 10% DE MULTA                                NAO RECEBER APOS 30 DIAS DO VENCIMENTO.                                                                                                                                                                                                         01071700000000000000107170000000000000       0090770900118974000624889838000015
100000000000000000000009077090011897400000000000000000000000010002100000070579792P00000000002            2  01007057979210071700000002874160000000001N010717000000000000000000000000000000000000000000000000000000000000000100022288772808FERNANDA TAVARES MASANO                 RUA JOSE CALIXTO DO CARMO - 265 AP. 124             11702690                                                            000017
2SR. CAIXA, APOS O VENCIMENTO COBRAR 10% DE MULTA                                NAO RECEBER APOS 30 DIAS DO VENCIMENTO.                                                                                                                                                                                                         01071700000000000000107170000000000000       009077090011897400070579792P000018
100000000000000000000009077090011897400000000000000000000000010002100000761610298P00000000002            2  01076161029810071700000002683950000000001N010717000000000000000000000000000000000000000000000000000000000000000100032223890806ELISANGELA CAMARGO BRAGA                RUA JOSE CALIXTO DO CARMO - 265 AP.24 -             11702690                                                            000020
2SR. CAIXA, APOS O VENCIMENTO COBRAR 10% DE MULTA                                NAO RECEBER APOS 30 DIAS DO VENCIMENTO.                                                                                                                                                                                                         01071700000000000000107170000000000000       009077090011897400761610298P000021
100000000000000000000009077090011897400000000000000000000000010002100007866105101000000000002            2  01786610510110071700000002571610000000001N010717000000000000000000000000000000000000000000000000000000000000000100010177135883VERONICA DE LIMA SANTOS                 RUA ARAGAO - 1099 - TUCURUVI - SAO PAULO            02308001                                                            000023
2SR. CAIXA, APOS O VENCIMENTO COBRAR 10% DE MULTA                                NAO RECEBER APOS 30 DIAS DO VENCIMENTO.                                                                                                                                                                                                         01071700000000000000107170000000000000       0090770900118974078661051010000024
100000000000000000000009077090011897400000000000000000000000010002100008573113109900000000002            2  01857311310910071700000002553590000000001N010717000000000000000000000000000000000000000000000000000000000000000100031000769828ANDREIA CARLA SOUSA                     RUA JOSE CALIXTO DO CARMO - 265 AP.73 -             11702690                                                            000026
2SR. CAIXA, APOS O VENCIMENTO COBRAR 10% DE MULTA                                NAO RECEBER APOS 30 DIAS DO VENCIMENTO.                                                                                                                                                                                                         01071700000000000000107170000000000000       0090770900118974085731131099000027
100000000000000000000009077090011897400000000000000000000000010002100008749115111100000000002            2  01874911511110071700000003252720000000001N010717000000000000000000000000000000000000000000000000000000000000000100027324650899LUCIANO MARTINEZ                        RUA MORGADO DE MATEUS - 473 - VILA MARIA            04015051                                                            000029
2SR. CAIXA, APOS O VENCIMENTO COBRAR 10% DE MULTA                                NAO RECEBER APOS 30 DIAS DO VENCIMENTO.                                                                                                                                                                                                         01071700000000000000107170000000000000       0090770900118974087491151111000030
100000000000000000000009077090011897400000000000000000000000010002100009926129127300000000002            2  01992612912710071700000002270280000000001N010717000000000000000000000000000000000000000000000000000000000000000100005253129863ADILSON JOSE BORGES                     RUA CIRIACO JIMENEZ - 83 - PARQUE NACOES            02996070                                                            000032
2SR. CAIXA, APOS O VENCIMENTO COBRAR 10% DE MULTA                                NAO RECEBER APOS 30 DIAS DO VENCIMENTO.                                                                                                                                                                                                         01071700000000000000107170000000000000       0090770900118974099261291273000033
100000000000000000000009077090011897400000000000000000000000010002100010328136134800000000002            2  01103281361310071700000002398860000000001N010717000000000000000000000000000000000000000000000000000000000000000100003996827830RONALDO PINTO BORGES                    MAGNOLIA DELFIM DA SILVA - 44 - JARDIM O            05363040                                                            000035
2SR. CAIXA, APOS O VENCIMENTO COBRAR 10% DE MULTA                                NAO RECEBER APOS 30 DIAS DO VENCIMENTO.                                                                                                                                                                                                         01071700000000000000107170000000000000       0090770900118974103281361348000036
100000000000000000000009077090011897400000000000000000000000010002100001069922141200000000002            2  01106992214110071700000001392100000000001N010717000000000000000000000000000000000000000000000000000000000000000100012708342827ADRIANA RATIER CRUZ                     RUA JOSE CALIXTO DO CARMO - 295 APTO 31             11702690                                                            000038
2SR. CAIXA, APOS O VENCIMENTO COBRAR 10% DE MULTA                                NAO RECEBER APOS 30 DIAS DO VENCIMENTO.                                                                                                                                                                                                         01071700000000000000107170000000000000       0090770900118974010699221412000039
100000000000000000000009077090011897400000000000000000000000010002100010879143149000000000002            2  01108791431410071700000001203840000000001N010717000000000000000000000000000000000000000000000000000000000000000100000452415896MARILUCE SANTOS DE ALMEIDA              RUA JOSE CALIXTO DO CARMO - 295 AP.74 -             11702690                                                            000041
2SR. CAIXA, APOS O VENCIMENTO COBRAR 10% DE MULTA                                NAO RECEBER APOS 30 DIAS DO VENCIMENTO.                                                                                                                                                                                                         01071700000000000000107170000000000000       0090770900118974108791431490000042
100000000000000000000009077090011897400000000000000000000000010002100013413140181600000000002            2  01134131401805071700000001526270000000001N010717000000000000000000000000000000000000000000000000000000000000000100019851254800DOUGLAS TADEU DE ALMEIDA JECKS          RUA CONSELHEIRO ELIAS DE CARVALHO - 50 A            04373000                                                            000044
2SR. CAIXA, APOS O VENCIMENTO COBRAR 10% DE MULTA                                NAO RECEBER APOS 30 DIAS DO VENCIMENTO.                                                                                                                                                                                                         01071700000000000000107170000000000000       0090770900118974134131401816000045
100000000000000000000009077090011897400000000000000000000000010002100013425146182000000000002            2  01134251461811071700000001563110000000001N010717000000000000000000000000000000000000000000000000000000000000000100037491305822NATASHA SILVEIRA DA SILVA               RUA CONSELHEIRO ELIAS DE CARVALHO - 50 A            04373000                                                            000047
2SR. CAIXA, APOS O VENCIMENTO COBRAR 10% DE MULTA                                NAO RECEBER APOS 30 DIAS DO VENCIMENTO.                                                                                                                                                                                                         01071700000000000000107170000000000000       0090770900118974134251461820000048
9                                                                                                                                                                                                                                                                                                                                                                                                         000049