01REMESSA01COBRANCA       00000000000004991454AIRES CONSTRUTORA E INCORPORAD237BRADESCO       261017        MX0000092                                                                                                                                                                                                                                                                                     000001
100000000000000000000009077090001674800000000000000000000000010002100002252110171300000000002            2  01022521101727101700000000014870000000001N261017000000000000000000000000000000000000000000000000000000000000000100002252149892AIRES MOTA DOS SANTOS                   AV. BRASIL - 600 SALA 1009 - BOQUEIRAO -            11701090                                                            000002
2SR. CAIXA, APOS O VENCIMENTO COBRAR 10% DE MULTA                                NAO RECEBER APOS 30 DIAS DO VENCIMENTO.                                                                                                                                                                                                         26101700000000000002610170000000000000       0090770900016748022521101713000003
9                                                                                                                                                                                                                                                                                                                                                                                                         000004