01REMESSA01COBRANCA       00000000000004991454AIRES CONSTRUTORA E INCORPORAD237BRADESCO       010517        MX0000079                                                                                                                                                                                                                                                                                     000001
100000000000000000000009077090001674800000000000000000000000010002100011260147157P00000000002            2  01112601471509051700000002471210000000001N010517000000000000000000000000000000000000000000000000000000000000000100099740451853ARNALDO DA SILVA SALES                  RUA ALEGRE - 210 - VILA SAO RAFAEL - GUA            07053100                                                            000002
2SR. CAIXA, APOS O VENCIMENTO COBRAR 10% DE MULTA                                NAO RECEBER APOS 30 DIAS DO VENCIMENTO.                                                                                                                                                                                                         01051700000000000000105170000000000000       009077090001674811260147157P000003
100000000000000000000009077090001674800000000000000000000000010002100011489148160600000000002            2  01114891481609051700000003986290000000001N010517000000000000000000000000000000000000000000000000000000000000000100044380725812FERNANDO FIRMINO DOS SANTOS             RUA BARAO GERALDO DE RESENDE - 401 - BAI            05205220                                                            000005
2SR. CAIXA, APOS O VENCIMENTO COBRAR 10% DE MULTA                                NAO RECEBER APOS 30 DIAS DO VENCIMENTO.                                                                                                                                                                                                         01051700000000000000105170000000000000       0090770900016748114891481606000006
100000000000000000000009077090001674800000000000000000000000010002100012609155171P00000000002            2  01126091551709051700000001240860000000001N010517000000000000000000000000000000000000000000000000000000000000000100025469470873JULIA MARIA RODRIGUES MARTINS           AVENIDA JOAO FIRMINO - 1229 AP.21 - BAIR            09810260                                                            000008
2SR. CAIXA, APOS O VENCIMENTO COBRAR 10% DE MULTA                                NAO RECEBER APOS 30 DIAS DO VENCIMENTO.                                                                                                                                                                                                         01051700000000000000105170000000000000       009077090001674812609155171P000009
100000000000000000000009077090001674800000000000000000000000010002100012791156173800000000002            2  01127911561709051700000001886200000000001N010517000000000000000000000000000000000000000000000000000000000000000100027396176824WALDINEA BORGES DIAS                    RUA CAP. JOAQUIM F.PEREIRA - 95 - JARDIM            13710000                                                            000011
2SR. CAIXA, APOS O VENCIMENTO COBRAR 10% DE MULTA                                NAO RECEBER APOS 30 DIAS DO VENCIMENTO.                                                                                                                                                                                                         01051700000000000000105170000000000000       0090770900016748127911561738000012
100000000000000000000009077090001674800000000000000000000000010002100012893157174400000000002            2  01128931571709051700000003004230000000001N010517000000000000000000000000000000000000000000000000000000000000000100004759534873AGNALDO PORFIRIO DOS SANTOS             RUA JUVENCIO GASPAR DA SILVA - 35 - SAO             04303060                                                            000014
2SR. CAIXA, APOS O VENCIMENTO COBRAR 10% DE MULTA                                NAO RECEBER APOS 30 DIAS DO VENCIMENTO.                                                                                                                                                                                                         01051700000000000000105170000000000000       0090770900016748128931571744000015
100000000000000000000009077090001674800000000000000000000000010002100013114159177000000000002            2  01131141591709051700000001619010000000001N010517000000000000000000000000000000000000000000000000000000000000000100014924049859KATIA REGINA DE OLIVEIRA SILVA          RUA ANTONIO SIMIONATO - 73 AP.14 - SANTA            09780180                                                            000017
2SR. CAIXA, APOS O VENCIMENTO COBRAR 10% DE MULTA                                NAO RECEBER APOS 30 DIAS DO VENCIMENTO.                                                                                                                                                                                                         01051700000000000000105170000000000000       0090770900016748131141591770000018
100000000000000000000009077090001674800000000000000000000000010002100013214160178000000000002            2  01132141601709051700000000947130000000001N010517000000000000000000000000000000000000000000000000000000000000000100090830490868IVONETE FERNANDES                       AVENIDA FREDERICO OZANAN - 5504 - VILA R            13215276                                                            000020
2SR. CAIXA, APOS O VENCIMENTO COBRAR 10% DE MULTA                                NAO RECEBER APOS 30 DIAS DO VENCIMENTO.                                                                                                                                                                                                         01051700000000000000105170000000000000       0090770900016748132141601780000021
100000000000000000000009077090001674800000000000000000000000010002100013535163184300000000002            2  01135351631809051700000002347910000000001N010517000000000000000000000000000000000000000000000000000000000000000100027093944809DAVID ALEXANDRE XAVIER ROCHA            RUA MONTE CASTELO - 296 AP.54 - AVIACAO             11702720                                                            000023
2SR. CAIXA, APOS O VENCIMENTO COBRAR 10% DE MULTA                                NAO RECEBER APOS 30 DIAS DO VENCIMENTO.                                                                                                                                                                                                         01051700000000000000105170000000000000       0090770900016748135351631843000024
100000000000000000000009077090001674800000000000000000000000010002100013703164186P00000000002            2  01137031641809051700000001709130000000001N010517000000000000000000000000000000000000000000000000000000000000000100068273290891DERNEVAL JOSE MUNIZ                     RUA MARTINOPOLIS - 98 - JARDIM OTAWA - G            07230230                                                            000026
2SR. CAIXA, APOS O VENCIMENTO COBRAR 10% DE MULTA                                NAO RECEBER APOS 30 DIAS DO VENCIMENTO.                                                                                                                                                                                                         01051700000000000000105170000000000000       009077090001674813703164186P000027
100000000000000000000009077090001674800000000000000000000000010002100013978166189P00000000002            2  01139781661809051700000001460640000000001N010517000000000000000000000000000000000000000000000000000000000000000100001817534807SANTINA SALVINA SOARES                  RUA CAIAPOS - 1066 AP.43 - VILA TUPI - P            11703320                                                            000029
2SR. CAIXA, APOS O VENCIMENTO COBRAR 10% DE MULTA                                NAO RECEBER APOS 30 DIAS DO VENCIMENTO.                                                                                                                                                                                                         01051700000000000000105170000000000000       009077090001674813978166189P000030
100000000000000000000009077090001674800000000000000000000000010002100014079167190500000000002            2  01140791671909051700000001577990000000001N010517000000000000000000000000000000000000000000000000000000000000000100086755790800GERALDO JAIR BROGLIATTO                 DR.ARMANDO COSTA MAGALHAES - 176 - VILA             13270490                                                            000032
2SR. CAIXA, APOS O VENCIMENTO COBRAR 10% DE MULTA                                NAO RECEBER APOS 30 DIAS DO VENCIMENTO.                                                                                                                                                                                                         01051700000000000000105170000000000000       0090770900016748140791671905000033
100000000000000000000009077090001674800000000000000000000000010002100014417169196000000000002            2  01144171691911051700000001800000000000001N010517000000000000000000000000000000000000000000000000000000000000000100013191291881MARCELO RICARDO MASCAROS SOUTO          RUA MONTE CASTELO - 295 AP.102 - AVIACAO            11702720                                                            000035
2SR. CAIXA, APOS O VENCIMENTO COBRAR 10% DE MULTA                                NAO RECEBER APOS 30 DIAS DO VENCIMENTO.                                                                                                                                                                                                         01051700000000000000105170000000000000       0090770900016748144171691960000036
100000000000000000000009077090001674800000000000000000000000010002100014449170197200000000002            2  01144491701909051700000001567540000000001N010517000000000000000000000000000000000000000000000000000000000000000100007996062862HENRIQUE SALVADOR                       RUA DARDANELOS - 689 - PARQUE NOVO ORATO            09260060                                                            000038
2SR. CAIXA, APOS O VENCIMENTO COBRAR 10% DE MULTA                                NAO RECEBER APOS 30 DIAS DO VENCIMENTO.                                                                                                                                                                                                         01051700000000000000105170000000000000       0090770900016748144491701972000039
9                                                                                                                                                                                                                                                                                                                                                                                                         000040