01REMESSA01COBRANCA       00000000000004991788AIRES DESENVOLVIMENTO IMOBILIA237BRADESCO       010119        MX0000144                                                                                                                                                                                                                                                                                     000001
100000000000000000000009077090011897400000000000000000000000010002100012708301191500000000002            2  01127083011910011900000001658740000000001N010119000000000000000000000000000000000000000000000000000000000000000100012708342827ADRIANA RATIER CRUZ                     RUA JOSE CALIXTO DO CARMO - 295 APTO 31             11702690                                                            000002
2SR. CAIXA, APOS O VENCIMENTO COBRAR 10% DE MULTA                                NAO RECEBER APOS 30 DIAS DO VENCIMENTO.                                                                                                                                                                                                         01011900000000000000101190000000000000       0090770900118974127083011915000003
100000000000000000000009077090011897400000000000000000000000010002100000452401191100000000002            2  01004524011910011900000001317800000000001N010119000000000000000000000000000000000000000000000000000000000000000100000452415896MARILUCE SANTOS DE ALMEIDA              RUA JOSE CALIXTO DO CARMO - 295 AP.74 -             11702690                                                            000005
2SR. CAIXA, APOS O VENCIMENTO COBRAR 10% DE MULTA                                NAO RECEBER APOS 30 DIAS DO VENCIMENTO.                                                                                                                                                                                                         01011900000000000000101190000000000000       0090770900118974004524011911000006
100000000000000000000009077090011897400000000000000000000000010002100003406901191200000000002            2  01034069011909011900000001470700000000001N010119000000000000000000000000000000000000000000000000000000000000000100003406972888RONALDO CANDIDO PANSONATO               AV. DOM JAIME DE BARROS CAMERA - 565 AP.            09895400                                                            000008
2SR. CAIXA, APOS O VENCIMENTO COBRAR 10% DE MULTA                                NAO RECEBER APOS 30 DIAS DO VENCIMENTO.                                                                                                                                                                                                         01011900000000000000101190000000000000       0090770900118974034069011912000009
100000000000000000000009077090011897400000000000000000000000010002100013191201191700000000002            2  01131912011911011900000001800000000000001N010119000000000000000000000000000000000000000000000000000000000000000100013191291881MARCELO RICARDO MASCAROS SOUTO          RUA MONTE CASTELO - 295 AP.102 - AVIACAO            11702720                                                            000011
2SR. CAIXA, APOS O VENCIMENTO COBRAR 10% DE MULTA                                NAO RECEBER APOS 30 DIAS DO VENCIMENTO.                                                                                                                                                                                                         01011900000000000000101190000000000000       0090770900118974131912011917000012
100000000000000000000009077090011897400000000000000000000000010002100028379801191400000000002            2  01283798011901011900000003428970000000001N010119000000000000000000000000000000000000000000000000000000000000000100028379879805EDMILSON DANIEL GARCIA WATANUKI         AV.PRESIDENTE CASTELO BRANCO - 4718 LOJA            11702700                                                            000014
2SR. CAIXA, APOS O VENCIMENTO COBRAR 10% DE MULTA                                NAO RECEBER APOS 30 DIAS DO VENCIMENTO.                                                                                                                                                                                                         01011900000000000000101190000000000000       0090770900118974283798011914000015
100000000000000000000009077090011897400000000000000000000000010002100039262501191200000000002            2  01392625011911011900000001600000000000001N010119000000000000000000000000000000000000000000000000000000000000000100039262563892DAVID AUGUSTO DOS SANTOS                RUA CONSELHEIRO ELIAS DE CARVALHO - 50 A            04373000                                                            000017
2SR. CAIXA, APOS O VENCIMENTO COBRAR 10% DE MULTA                                NAO RECEBER APOS 30 DIAS DO VENCIMENTO.                                                                                                                                                                                                         01011900000000000000101190000000000000       0090770900118974392625011912000018
100000000000000000000009077090011897400000000000000000000000010002100037288701191200000000002            2  01372887011911011900000001550000000000001N010119000000000000000000000000000000000000000000000000000000000000000100037288754812EVERTON CARDOSO DOS SANTOS              RUA CONSELHEIRO ELIAS DE CARVALHO - 50 A            04373000                                                            000020
2SR. CAIXA, APOS O VENCIMENTO COBRAR 10% DE MULTA                                NAO RECEBER APOS 30 DIAS DO VENCIMENTO.                                                                                                                                                                                                         01011900000000000000101190000000000000       0090770900118974372887011912000021
100000000000000000000009077090011897400000000000000000000000010002100000385801191600000000002            2  01003858011911011900000001800000000000001N010119000000000000000000000000000000000000000000000000000000000000000100000385839847SEBASTIAO DELMIRO PEREIRA               RUA TUPINAMBAS - 326 AP.104-A - VILA TUP            11703020                                                            000023
2SR. CAIXA, APOS O VENCIMENTO COBRAR 10% DE MULTA                                NAO RECEBER APOS 30 DIAS DO VENCIMENTO.                                                                                                                                                                                                         01011900000000000000101190000000000000       0090770900118974003858011916000024
9                                                                                                                                                                                                                                                                                                                                                                                                         000025