01REMESSA01COBRANCA       00000000000004991788AIRES DESENVOLVIMENTO IMOBILIA237BRADESCO       011218        MX0000142                                                                                                                                                                                                                                                                                     000001
100000000000000000000009077090011897400000000000000000000000010002100012708312181800000000002            2  01127083121810121800000001642280000000001N011218000000000000000000000000000000000000000000000000000000000000000100012708342827ADRIANA RATIER CRUZ                     RUA JOSE CALIXTO DO CARMO - 295 APTO 31             11702690                                                            000002
2SR. CAIXA, APOS O VENCIMENTO COBRAR 10% DE MULTA                                NAO RECEBER APOS 30 DIAS DO VENCIMENTO.                                                                                                                                                                                                         01121800000000000000112180000000000000       0090770900118974127083121818000003
100000000000000000000009077090011897400000000000000000000000010002100000452412181400000000002            2  01004524121810121800000001311240000000001N011218000000000000000000000000000000000000000000000000000000000000000100000452415896MARILUCE SANTOS DE ALMEIDA              RUA JOSE CALIXTO DO CARMO - 295 AP.74 -             11702690                                                            000005
2SR. CAIXA, APOS O VENCIMENTO COBRAR 10% DE MULTA                                NAO RECEBER APOS 30 DIAS DO VENCIMENTO.                                                                                                                                                                                                         01121800000000000000112180000000000000       0090770900118974004524121814000006
100000000000000000000009077090011897400000000000000000000000010002100003406912181500000000002            2  01034069121809121800000001459750000000001N011218000000000000000000000000000000000000000000000000000000000000000100003406972888RONALDO CANDIDO PANSONATO               AV. DOM JAIME DE BARROS CAMERA - 565 AP.            09895400                                                            000008
2SR. CAIXA, APOS O VENCIMENTO COBRAR 10% DE MULTA                                NAO RECEBER APOS 30 DIAS DO VENCIMENTO.                                                                                                                                                                                                         01121800000000000000112180000000000000       0090770900118974034069121815000009
100000000000000000000009077090011897400000000000000000000000010002100013191212181P00000000002            2  01131912121811121800000001800000000000001N011218000000000000000000000000000000000000000000000000000000000000000100013191291881MARCELO RICARDO MASCAROS SOUTO          RUA MONTE CASTELO - 295 AP.102 - AVIACAO            11702720                                                            000011
2SR. CAIXA, APOS O VENCIMENTO COBRAR 10% DE MULTA                                NAO RECEBER APOS 30 DIAS DO VENCIMENTO.                                                                                                                                                                                                         01121800000000000000112180000000000000       009077090011897413191212181P000012
100000000000000000000009077090011897400000000000000000000000010002100028379812181700000000002            2  01283798121801121800000003428970000000001N011218000000000000000000000000000000000000000000000000000000000000000100028379879805EDMILSON DANIEL GARCIA WATANUKI         AV.PRESIDENTE CASTELO BRANCO - 4718 LOJA            11702700                                                            000014
2SR. CAIXA, APOS O VENCIMENTO COBRAR 10% DE MULTA                                NAO RECEBER APOS 30 DIAS DO VENCIMENTO.                                                                                                                                                                                                         01121800000000000000112180000000000000       0090770900118974283798121817000015
100000000000000000000009077090011897400000000000000000000000010002100039262512181500000000002            2  01392625121811121800000001600000000000001N011218000000000000000000000000000000000000000000000000000000000000000100039262563892DAVID AUGUSTO DOS SANTOS                RUA CONSELHEIRO ELIAS DE CARVALHO - 50 A            04373000                                                            000017
2SR. CAIXA, APOS O VENCIMENTO COBRAR 10% DE MULTA                                NAO RECEBER APOS 30 DIAS DO VENCIMENTO.                                                                                                                                                                                                         01121800000000000000112180000000000000       0090770900118974392625121815000018
100000000000000000000009077090011897400000000000000000000000010002100037288712181500000000002            2  01372887121811121800000001550000000000001N011218000000000000000000000000000000000000000000000000000000000000000100037288754812EVERTON CARDOSO DOS SANTOS              RUA CONSELHEIRO ELIAS DE CARVALHO - 50 A            04373000                                                            000020
2SR. CAIXA, APOS O VENCIMENTO COBRAR 10% DE MULTA                                NAO RECEBER APOS 30 DIAS DO VENCIMENTO.                                                                                                                                                                                                         01121800000000000000112180000000000000       0090770900118974372887121815000021
100000000000000000000009077090011897400000000000000000000000010002100000385812181900000000002            2  01003858121811121800000001800000000000001N011218000000000000000000000000000000000000000000000000000000000000000100000385839847SEBASTIAO DELMIRO PEREIRA               RUA TUPINAMBAS - 326 AP.104-A - VILA TUP            11703020                                                            000023
2SR. CAIXA, APOS O VENCIMENTO COBRAR 10% DE MULTA                                NAO RECEBER APOS 30 DIAS DO VENCIMENTO.                                                                                                                                                                                                         01121800000000000000112180000000000000       0090770900118974003858121819000024
9                                                                                                                                                                                                                                                                                                                                                                                                         000025