01REMESSA01COBRANCA       00000000000004991788AIRES DESENVOLVIMENTO IMOBILIA237BRADESCO       010318        MX0000124                                                                                                                                                                                                                                                                                     000001
100000000000000000000009077090011897400000000000000000000000010002100021570803181900000000002            2  01215708031810031800000002434840000000001N010318000000000000000000000000000000000000000000000000000000000000000100021570843805RODRIGO LESSANDRO FREGATE               RUA JOSE PEDRO DORO - 451 BLOCO RIO GRAN            02880010                                                            000002
2SR. CAIXA, APOS O VENCIMENTO COBRAR 10% DE MULTA                                NAO RECEBER APOS 30 DIAS DO VENCIMENTO.                                                                                                                                                                                                         01031800000000000000103180000000000000       0090770900118974215708031819000003
100000000000000000000009077090011897400000000000000000000000010002100007456803181000000000002            2  01074568031810031800000002374650000000001N010318000000000000000000000000000000000000000000000000000000000000000100007456836817REGINA CELIA RONDELLI                   RUA CANANEIA - 168 APTO 134 BL.C2 - SANT            09060480                                                            000005
2SR. CAIXA, APOS O VENCIMENTO COBRAR 10% DE MULTA                                NAO RECEBER APOS 30 DIAS DO VENCIMENTO.                                                                                                                                                                                                         01031800000000000000103180000000000000       0090770900118974074568031810000006
100000000000000000000009077090011897400000000000000000000000010002100007508703181300000000002            2  01075087031810031800000002795670000000001N010318000000000000000000000000000000000000000000000000000000000000000100007508759842LAERCIO DA CRUZ FERREIRA                RUA JOSE BENEDITO SALINAS - 110 APTO 161            04674200                                                            000008
2SR. CAIXA, APOS O VENCIMENTO COBRAR 10% DE MULTA                                NAO RECEBER APOS 30 DIAS DO VENCIMENTO.                                                                                                                                                                                                         01031800000000000000103180000000000000       0090770900118974075087031813000009
100000000000000000000009077090011897400000000000000000000000010002100010653203181300000000002            2  01106532031810031800000002525590000000001N010318000000000000000000000000000000000000000000000000000000000000000100010653257899MARCIO DE SOUZA AZEVEDO                 RUA CASABLANCA - 105 - PARQUE MONTE ALEG            06756400                                                            000011
2SR. CAIXA, APOS O VENCIMENTO COBRAR 10% DE MULTA                                NAO RECEBER APOS 30 DIAS DO VENCIMENTO.                                                                                                                                                                                                         01031800000000000000103180000000000000       0090770900118974106532031813000012
100000000000000000000009077090011897400000000000000000000000010002100068006203181P00000000002            2  01680062031810031800000002514360000000001N010318000000000000000000000000000000000000000000000000000000000000000100068006292868FRANCISCO VIEIRA SOUSA                  RUA SERRA DA CANTAREIRA - 104 - JARDIM E            06413090                                                            000014
2SR. CAIXA, APOS O VENCIMENTO COBRAR 10% DE MULTA                                NAO RECEBER APOS 30 DIAS DO VENCIMENTO.                                                                                                                                                                                                         01031800000000000000103180000000000000       009077090011897468006203181P000015
100000000000000000000009077090011897400000000000000000000000010002100022288703181400000000002            2  01222887031810031800000002993190000000001N010318000000000000000000000000000000000000000000000000000000000000000100022288772808FERNANDA TAVARES MASANO                 RUA JOSE CALIXTO DO CARMO - 265 AP. 124             11702690                                                            000017
2SR. CAIXA, APOS O VENCIMENTO COBRAR 10% DE MULTA                                NAO RECEBER APOS 30 DIAS DO VENCIMENTO.                                                                                                                                                                                                         01031800000000000000103180000000000000       0090770900118974222887031814000018
100000000000000000000009077090011897400000000000000000000000010002100032223803181800000000002            2  01322238031810031800000002795120000000001N010318000000000000000000000000000000000000000000000000000000000000000100032223890806ELISANGELA CAMARGO BRAGA                RUA JOSE CALIXTO DO CARMO - 265 AP.24 -             11702690                                                            000020
2SR. CAIXA, APOS O VENCIMENTO COBRAR 10% DE MULTA                                NAO RECEBER APOS 30 DIAS DO VENCIMENTO.                                                                                                                                                                                                         01031800000000000000103180000000000000       0090770900118974322238031818000021
100000000000000000000009077090011897400000000000000000000000010002100010177103181500000000002            2  01101771031810031800000002678120000000001N010318000000000000000000000000000000000000000000000000000000000000000100010177135883VERONICA DE LIMA SANTOS                 RUA ARAGAO - 1099 - TUCURUVI - SAO PAULO            02308001                                                            000023
2SR. CAIXA, APOS O VENCIMENTO COBRAR 10% DE MULTA                                NAO RECEBER APOS 30 DIAS DO VENCIMENTO.                                                                                                                                                                                                         01031800000000000000103180000000000000       0090770900118974101771031815000024
100000000000000000000009077090011897400000000000000000000000010002100031000703181700000000002            2  01310007031810031800000002659330000000001N010318000000000000000000000000000000000000000000000000000000000000000100031000769828ANDREIA CARLA SOUSA                     RUA JOSE CALIXTO DO CARMO - 265 AP.73 -             11702690                                                            000026
2SR. CAIXA, APOS O VENCIMENTO COBRAR 10% DE MULTA                                NAO RECEBER APOS 30 DIAS DO VENCIMENTO.                                                                                                                                                                                                         01031800000000000000103180000000000000       0090770900118974310007031817000027
100000000000000000000009077090011897400000000000000000000000010002100027324603181800000000002            2  01273246031810031800000003387440000000001N010318000000000000000000000000000000000000000000000000000000000000000100027324650899LUCIANO MARTINEZ                        RUA MORGADO DE MATEUS - 473 - VILA MARIA            04015051                                                            000029
2SR. CAIXA, APOS O VENCIMENTO COBRAR 10% DE MULTA                                NAO RECEBER APOS 30 DIAS DO VENCIMENTO.                                                                                                                                                                                                         01031800000000000000103180000000000000       0090770900118974273246031818000030
100000000000000000000009077090011897400000000000000000000000010002100005253103181700000000002            2  01052531031810031800000002364300000000001N010318000000000000000000000000000000000000000000000000000000000000000100005253129863ADILSON JOSE BORGES                     RUA CIRIACO JIMENEZ - 83 - PARQUE NACOES            02996070                                                            000032
2SR. CAIXA, APOS O VENCIMENTO COBRAR 10% DE MULTA                                NAO RECEBER APOS 30 DIAS DO VENCIMENTO.                                                                                                                                                                                                         01031800000000000000103180000000000000       0090770900118974052531031817000033
100000000000000000000009077090011897400000000000000000000000010002100003996803181P00000000002            2  01039968031810031800000002498210000000001N010318000000000000000000000000000000000000000000000000000000000000000100003996827830RONALDO PINTO BORGES                    MAGNOLIA DELFIM DA SILVA - 44 - JARDIM O            05363040                                                            000035
2SR. CAIXA, APOS O VENCIMENTO COBRAR 10% DE MULTA                                NAO RECEBER APOS 30 DIAS DO VENCIMENTO.                                                                                                                                                                                                         01031800000000000000103180000000000000       009077090011897403996803181P000036
100000000000000000000009077090011897400000000000000000000000010002100012708303181900000000002            2  01127083031810031800000001508780000000001N010318000000000000000000000000000000000000000000000000000000000000000100012708342827ADRIANA RATIER CRUZ                     RUA JOSE CALIXTO DO CARMO - 295 APTO 31             11702690                                                            000038
2SR. CAIXA, APOS O VENCIMENTO COBRAR 10% DE MULTA                                NAO RECEBER APOS 30 DIAS DO VENCIMENTO.                                                                                                                                                                                                         01031800000000000000103180000000000000       0090770900118974127083031819000039
100000000000000000000009077090011897400000000000000000000000010002100000452403181500000000002            2  01004524031810031800000001253690000000001N010318000000000000000000000000000000000000000000000000000000000000000100000452415896MARILUCE SANTOS DE ALMEIDA              RUA JOSE CALIXTO DO CARMO - 295 AP.74 -             11702690                                                            000041
2SR. CAIXA, APOS O VENCIMENTO COBRAR 10% DE MULTA                                NAO RECEBER APOS 30 DIAS DO VENCIMENTO.                                                                                                                                                                                                         01031800000000000000103180000000000000       0090770900118974004524031815000042
100000000000000000000009077090011897400000000000000000000000010002100003406903181600000000002            2  01034069031809031800000001364790000000001N010318000000000000000000000000000000000000000000000000000000000000000100003406972888RONALDO CANDIDO PANSONATO               AV. DOM JAIME DE BARROS CAMERA - 565 AP.            09895400                                                            000044
2SR. CAIXA, APOS O VENCIMENTO COBRAR 10% DE MULTA                                NAO RECEBER APOS 30 DIAS DO VENCIMENTO.                                                                                                                                                                                                         01031800000000000000103180000000000000       0090770900118974034069031816000045
100000000000000000000009077090011897400000000000000000000000010002100028379803181800000000002            2  01283798031801031800000003428970000000001N010318000000000000000000000000000000000000000000000000000000000000000100028379879805EDMILSON DANIEL GARCIA WATANUKI         AVENIDA PRESIDENTE CASTELO BRANCO - 4718            11702700                                                            000047
2SR. CAIXA, APOS O VENCIMENTO COBRAR 10% DE MULTA                                NAO RECEBER APOS 30 DIAS DO VENCIMENTO.                                                                                                                                                                                                         01031800000000000000103180000000000000       0090770900118974283798031818000048
100000000000000000000009077090011897400000000000000000000000010002100037491303181400000000002            2  01374913031811031800000001563110000000001N010318000000000000000000000000000000000000000000000000000000000000000100037491305822NATASHA SILVEIRA DA SILVA               RUA CONSELHEIRO ELIAS DE CARVALHO - 50 A            04373000                                                            000050
2SR. CAIXA, APOS O VENCIMENTO COBRAR 10% DE MULTA                                NAO RECEBER APOS 30 DIAS DO VENCIMENTO.                                                                                                                                                                                                         01031800000000000000103180000000000000       0090770900118974374913031814000051
9                                                                                                                                                                                                                                                                                                                                                                                                         000052