01REMESSA01COBRANCA       00000000000004991454AIRES CONSTRUTORA E INCORPORAD237BRADESCO       090317        MX0000070                                                                                                                                                                                                                                                                                     000001
100000000000000000000009077090001674800000000000000000000000010002100014446125122000000000002            2  01144461251213031700000000027770000000099N090317000000000000000000000000000000000000000000000000000000000000000100002252149892AIRES MOTA DOS SANTOS                   AV. BRASIL - 600 SALA 1009 - BOQUEIRAO -            11701090                                                            000002
2SR. CAIXA, APOS O VENCIMENTO COBRAR 10% DE MULTA                                NAO RECEBER APOS 30 DIAS DO VENCIMENTO.                                                                                                                                                                                                         09031700000000000000903170000000000000       0090770900016748144461251220000003
9                                                                                                                                                                                                                                                                                                                                                                                                         000004