01REMESSA01COBRANCA       00000000000004991454AIRES CONSTRUTORA E INCORPORAD237BRADESCO       010720        MX0000159                                                                                                                                                                                                                                                                                     000001
100000000000000000000009077090001674800000000000000000000000010002100099740407201000000000002            2  01997404072009072000000003289170000000001N010720000000000000000000000000000000000000000000000000000000000000000100099740451853ARNALDO DA SILVA SALES                  RUA ALEGRE - 210 - VILA SAO RAFAEL - GUA            07053100                                                            000002
2SR. CAIXA, APOS O VENCIMENTO COBRAR 10% DE MULTA                                NAO RECEBER APOS 30 DIAS DO VENCIMENTO.                                                                                                                                                                                                         01072000000000000000107200000000000000       0090770900016748997404072010000003
100000000000000000000009077090001674800000000000000000000000010002100044380707201500000000002            2  01443807072009072000000005305790000000001N010720000000000000000000000000000000000000000000000000000000000000000100044380725812FERNANDO FIRMINO DOS SANTOS             RUA BARAO GERALDO DE RESENDE - 401 - BAI            05205220                                                            000005
2SR. CAIXA, APOS O VENCIMENTO COBRAR 10% DE MULTA                                NAO RECEBER APOS 30 DIAS DO VENCIMENTO.                                                                                                                                                                                                         01072000000000000000107200000000000000       0090770900016748443807072015000006
100000000000000000000009077090001674800000000000000000000000010002100025469407201600000000002            2  01254694072009072000000001651580000000001N010720000000000000000000000000000000000000000000000000000000000000000100025469470873JULIA MARIA RODRIGUES MARTINS           AVENIDA JOAO FIRMINO - 1229 AP.21 - BAIR            09810260                                                            000008
2SR. CAIXA, APOS O VENCIMENTO COBRAR 10% DE MULTA                                NAO RECEBER APOS 30 DIAS DO VENCIMENTO.                                                                                                                                                                                                         01072000000000000000107200000000000000       0090770900016748254694072016000009
100000000000000000000009077090001674800000000000000000000000010002100004759507201700000000002            2  01047595072009072000000003998670000000001N010720000000000000000000000000000000000000000000000000000000000000000100004759534873AGNALDO PORFIRIO DOS SANTOS             RUA JUVENCIO GASPAR DA SILVA - 35 - SAO             04303060                                                            000011
2SR. CAIXA, APOS O VENCIMENTO COBRAR 10% DE MULTA                                NAO RECEBER APOS 30 DIAS DO VENCIMENTO.                                                                                                                                                                                                         01072000000000000000107200000000000000       0090770900016748047595072017000012
100000000000000000000009077090001674800000000000000000000000010002100090830407201000000000002            2  01908304072009072000000001260610000000001N010720000000000000000000000000000000000000000000000000000000000000000100090830490868IVONETE FERNANDES                       AVENIDA FREDERICO OZANAN - 5504 - VILA R            13215276                                                            000014
2SR. CAIXA, APOS O VENCIMENTO COBRAR 10% DE MULTA                                NAO RECEBER APOS 30 DIAS DO VENCIMENTO.                                                                                                                                                                                                         01072000000000000000107200000000000000       0090770900016748908304072010000015
100000000000000000000009077090001674800000000000000000000000010002100027093907201200000000002            2  01270939072009072000000003125090000000001N010720000000000000000000000000000000000000000000000000000000000000000100027093944809DAVID ALEXANDRE XAVIER ROCHA            RUA MONTE CASTELO - 296 AP.54 - AVIACAO             11702720                                                            000017
2SR. CAIXA, APOS O VENCIMENTO COBRAR 10% DE MULTA                                NAO RECEBER APOS 30 DIAS DO VENCIMENTO.                                                                                                                                                                                                         01072000000000000000107200000000000000       0090770900016748270939072012000018
100000000000000000000009077090001674800000000000000000000000010002100068273207201900000000002            2  01682732072009072000000002274840000000001N010720000000000000000000000000000000000000000000000000000000000000000100068273290891DERNEVAL JOSE MUNIZ                     RUA MARTINOPOLIS - 98 - JARDIM OTAWA - G            07230230                                                            000020
2SR. CAIXA, APOS O VENCIMENTO COBRAR 10% DE MULTA                                NAO RECEBER APOS 30 DIAS DO VENCIMENTO.                                                                                                                                                                                                         01072000000000000000107200000000000000       0090770900016748682732072019000021
100000000000000000000009077090001674800000000000000000000000010002100001817507201100000000002            2  01018175072009072000000001944130000000001N010720000000000000000000000000000000000000000000000000000000000000000100001817534807SANTINA SALVINA SOARES                  RUA CAIAPOS - 1066 AP.43 - VILA TUPI - P            11703320                                                            000023
2SR. CAIXA, APOS O VENCIMENTO COBRAR 10% DE MULTA                                NAO RECEBER APOS 30 DIAS DO VENCIMENTO.                                                                                                                                                                                                         01072000000000000000107200000000000000       0090770900016748018175072011000024
100000000000000000000009077090001674800000000000000000000000010002100086755707201900000000002            2  01867557072009072000000002100320000000001N010720000000000000000000000000000000000000000000000000000000000000000100086755790800GERALDO JAIR BROGLIATTO                 DR.ARMANDO COSTA MAGALHAES - 176 - VILA             13270490                                                            000026
2SR. CAIXA, APOS O VENCIMENTO COBRAR 10% DE MULTA                                NAO RECEBER APOS 30 DIAS DO VENCIMENTO.                                                                                                                                                                                                         01072000000000000000107200000000000000       0090770900016748867557072019000027
100000000000000000000009077090001674800000000000000000000000010002100007996007201200000000002            2  01079960072009072000000002086440000000001N010720000000000000000000000000000000000000000000000000000000000000000100007996062862HENRIQUE SALVADOR                       RUA DARDANELOS - 689 - PARQUE NOVO ORATO            09260060                                                            000029
2SR. CAIXA, APOS O VENCIMENTO COBRAR 10% DE MULTA                                NAO RECEBER APOS 30 DIAS DO VENCIMENTO.                                                                                                                                                                                                         01072000000000000000107200000000000000       0090770900016748079960072012000030
100000000000000000000009077090001674800000000000000000000000010002100010066007201P00000000002            2  01100660072009072000000002795120000000001N010720000000000000000000000000000000000000000000000000000000000000000100010066071534MOISES ROQUE DO ROSARIO                 RUA DAS PAPOULAS - 53 - VILA BELA - SAO             03202010                                                            000032
2SR. CAIXA, APOS O VENCIMENTO COBRAR 10% DE MULTA                                NAO RECEBER APOS 30 DIAS DO VENCIMENTO.                                                                                                                                                                                                         01072000000000000000107200000000000000       009077090001674810066007201P000033
100000000000000000000009077090001674800000000000000000000000010002100085910007201000000000002            2  01859100072009072000000003189320000000001N010720000000000000000000000000000000000000000000000000000000000000000100085910031872SERGIO NOGUEIRA                         RUA MONTE CASTELO - 262 AP.55 - AVIACAO             11702720                                                            000035
2SR. CAIXA, APOS O VENCIMENTO COBRAR 10% DE MULTA                                NAO RECEBER APOS 30 DIAS DO VENCIMENTO.                                                                                                                                                                                                         01072000000000000000107200000000000000       0090770900016748859100072010000036
100000000000000000000009077090001674800000000000000000000000010002100000746807201400000000002            2  01007468072009072000000002578460000000001N010720000000000000000000000000000000000000000000000000000000000000000100000746845820ANTONIO CARLOS DE MELLO                 RUA CONGO - 118 - PARQUE MONTE ALEGRE -             06756270                                                            000038
2SR. CAIXA, APOS O VENCIMENTO COBRAR 10% DE MULTA                                NAO RECEBER APOS 30 DIAS DO VENCIMENTO.                                                                                                                                                                                                         01072000000000000000107200000000000000       0090770900016748007468072014000039
100000000000000000000009077090001674800000000000000000000000010002100028196107201P00000000002            2  01281961072009072000000001856720000000001N010720000000000000000000000000000000000000000000000000000000000000000100028196184808VANESSA NOGUEIRA CAMBUI DA SILVA        CRISTOVAO COLOMBO - 217 - VILA AMERICA -            09110160                                                            000041
2SR. CAIXA, APOS O VENCIMENTO COBRAR 10% DE MULTA                                NAO RECEBER APOS 30 DIAS DO VENCIMENTO.                                                                                                                                                                                                         01072000000000000000107200000000000000       009077090001674828196107201P000042
100000000000000000000009077090001674800000000000000000000000010002100049730807201500000000002            2  01497308072009072000000001524130000000001N010720000000000000000000000000000000000000000000000000000000000000000100049730835420PEDRO LUIZ DO BOM FIM FILHO             RUA NASCER DO SOL - 91 - BAIRRO PIRAPORI            09951475                                                            000044
2SR. CAIXA, APOS O VENCIMENTO COBRAR 10% DE MULTA                                NAO RECEBER APOS 30 DIAS DO VENCIMENTO.                                                                                                                                                                                                         01072000000000000000107200000000000000       0090770900016748497308072015000045
100000000000000000000009077090001674800000000000000000000000010002100027067007201000000000002            2  01270670072009072000000001890970000000001N010720000000000000000000000000000000000000000000000000000000000000000100027067002893MARCIA NASCIMENTO DE MORAES             RUA MONTE CASTELO - 296 AP.11 - AVIACAO             11702720                                                            000047
2SR. CAIXA, APOS O VENCIMENTO COBRAR 10% DE MULTA                                NAO RECEBER APOS 30 DIAS DO VENCIMENTO.                                                                                                                                                                                                         01072000000000000000107200000000000000       0090770900016748270670072010000048
100000000000000000000009077090001674800000000000000000000000010002100094921807201400000000002            2  01949218072009072000000001876890000000001N010720000000000000000000000000000000000000000000000000000000000000000100094921890897JOAO JORGE DA ROSA FILHO                RUA OLAVO EGIDIO DE SOUZA ARANHA - 368 A            03822000                                                            000050
2SR. CAIXA, APOS O VENCIMENTO COBRAR 10% DE MULTA                                NAO RECEBER APOS 30 DIAS DO VENCIMENTO.                                                                                                                                                                                                         01072000000000000000107200000000000000       0090770900016748949218072014000051
100000000000000000000009077090001674800000000000000000000000010002100008364807201000000000002            2  01083648072009072000000002276940000000001N010720000000000000000000000000000000000000000000000000000000000000000100008364834800JOSEFINA CORREA RAMA DOS SANTOS         AVENIDA PRESIDENTE CASTELO BRANCO - 3.78            11702700                                                            000053
2SR. CAIXA, APOS O VENCIMENTO COBRAR 10% DE MULTA                                NAO RECEBER APOS 30 DIAS DO VENCIMENTO.                                                                                                                                                                                                         01072000000000000000107200000000000000       0090770900016748083648072010000054
100000000000000000000009077090001674800000000000000000000000010002100037713307201100000000002            2  01377133072009072000000001862920000000001N010720000000000000000000000000000000000000000000000000000000000000000100037713356800JAMILLE PAULA BUENO LOPES               RUA CURIO (COND.NEW VILLE) - 172 - SURU             06509031                                                            000056
2SR. CAIXA, APOS O VENCIMENTO COBRAR 10% DE MULTA                                NAO RECEBER APOS 30 DIAS DO VENCIMENTO.                                                                                                                                                                                                         01072000000000000000107200000000000000       0090770900016748377133072011000057
100000000000000000000009077090001674800000000000000000000000010002100027100907201900000000002            2  01271009072009072000000002170340000000001N010720000000000000000000000000000000000000000000000000000000000000000100027100951810MARCIA RAMALHO RODRIGUES                RUA MONTE CASTELO - 296 AP.82 - AVIACAO             11702720                                                            000059
2SR. CAIXA, APOS O VENCIMENTO COBRAR 10% DE MULTA                                NAO RECEBER APOS 30 DIAS DO VENCIMENTO.                                                                                                                                                                                                         01072000000000000000107200000000000000       0090770900016748271009072019000060
100000000000000000000009077090001674800000000000000000000000010002100076207907201P00000000002            2  01762079072009072000000002340640000000001N010720000000000000000000000000000000000000000000000000000000000000000100076207943872JOSE MACEDO RICARTE FILHO               RUA ARTUR LOBO - 181 - JARDIM JABAQUARA             04384060                                                            000062
2SR. CAIXA, APOS O VENCIMENTO COBRAR 10% DE MULTA                                NAO RECEBER APOS 30 DIAS DO VENCIMENTO.                                                                                                                                                                                                         01072000000000000000107200000000000000       009077090001674876207907201P000063
100000000000000000000009077090001674800000000000000000000000010002100094672607201200000000002            2  01946726072009072000000002955980000000001N010720000000000000000000000000000000000000000000000000000000000000000100094672660834JOSE HENRIQUE SOARES PEREIRA INACIO     RUA MONTE CASTELO - 296 AP.34 - AVIACAO             11702720                                                            000065
2SR. CAIXA, APOS O VENCIMENTO COBRAR 10% DE MULTA                                NAO RECEBER APOS 30 DIAS DO VENCIMENTO.                                                                                                                                                                                                         01072000000000000000107200000000000000       0090770900016748946726072012000066
100000000000000000000009077090001674800000000000000000000000010002100025265207201300000000002            2  01252652072009072000000001607200000000001N010720000000000000000000000000000000000000000000000000000000000000000100025265260862SONIA MARIA CECILIO DA SILVA            RUA PRESIDENTE TANCREDO NEVES - 1093 AP.            06329350                                                            000068
2SR. CAIXA, APOS O VENCIMENTO COBRAR 10% DE MULTA                                NAO RECEBER APOS 30 DIAS DO VENCIMENTO.                                                                                                                                                                                                         01072000000000000000107200000000000000       0090770900016748252652072013000069
100000000000000000000009077090001674800000000000000000000000010002100011381907201000000000002            2  01113819072009072000000003063240000000001N010720000000000000000000000000000000000000000000000000000000000000000100011381987818MARIO DONIZETE MIGUEL DA SILVA          RUA JASPE - 215 - HIGIANOPOLIS - JANDIRA            06642270                                                            000071
2SR. CAIXA, APOS O VENCIMENTO COBRAR 10% DE MULTA                                NAO RECEBER APOS 30 DIAS DO VENCIMENTO.                                                                                                                                                                                                         01072000000000000000107200000000000000       0090770900016748113819072010000072
100000000000000000000009077090001674800000000000000000000000010002100020105507201700000000002            2  01201055072009072000000002483010000000001N010720000000000000000000000000000000000000000000000000000000000000000100020105503827VALTER DE SOUSA LIBARINO FILHO          RUA DAS PAINEIRAS - 140 - BAIRRO LARANJE            07741205                                                            000074
2SR. CAIXA, APOS O VENCIMENTO COBRAR 10% DE MULTA                                NAO RECEBER APOS 30 DIAS DO VENCIMENTO.                                                                                                                                                                                                         01072000000000000000107200000000000000       0090770900016748201055072017000075
100000000000000000000009077090001674800000000000000000000000010002100003010507201400000000002            2  01030105072009072000000002682900000000001N010720000000000000000000000000000000000000000000000000000000000000000100003010502877GIZELA VIEIRA BARROS                    RUA GIACOMO DALCIN - 157 - NOVA GERTY -             09580350                                                            000077
2SR. CAIXA, APOS O VENCIMENTO COBRAR 10% DE MULTA                                NAO RECEBER APOS 30 DIAS DO VENCIMENTO.                                                                                                                                                                                                         01072000000000000000107200000000000000       0090770900016748030105072014000078
100000000000000000000009077090001674800000000000000000000000010002100036712507201500000000002            2  01367125072009072000000001998540000000001N010720000000000000000000000000000000000000000000000000000000000000000100036712580803WALTER BARRETO DE ALMEIDA               RUA MONTE CASTELO - 296 AP.44 - AVIACAO             11702720                                                            000080
2SR. CAIXA, APOS O VENCIMENTO COBRAR 10% DE MULTA                                NAO RECEBER APOS 30 DIAS DO VENCIMENTO.                                                                                                                                                                                                         01072000000000000000107200000000000000       0090770900016748367125072015000081
9                                                                                                                                                                                                                                                                                                                                                                                                         000082