01REMESSA01COBRANCA       00000000000004991454AIRES CONSTRUTORA E INCORPORAD237BRADESCO       130618        MX0000110                                                                                                                                                                                                                                                                                     000001
100000000000000000000009077090001674800000000000000000000000010002100049736706182500000000002            2  01497367061824061800000001358910000000001N120618000000000000000000000000000000000000000000000000000000000000000100049736787320RAIMUNDO VIEIRA DA SILVA                RUA BOLIVIA - 81 AP.ZELADORIA - JARDIM G            11701850                                                            000002
2SR. CAIXA, APOS O VENCIMENTO COBRAR 10% DE MULTA                                NAO RECEBER APOS 30 DIAS DO VENCIMENTO.                                                                                                                                                                                                         13061800000000000001306180000000000000       0090770900016748497367061825000003
100000000000000000000009077090001674800000000000000000000000010002100068806206181700000000002            2  01688062061824061800000001206030000000001N120618000000000000000000000000000000000000000000000000000000000000000100068806272853FATIMA MOREIRA SALOMAO                  RUA TORQUATO DE CAMILLO - 84 - CARANDA B            79032031                                                            000005
2SR. CAIXA, APOS O VENCIMENTO COBRAR 10% DE MULTA                                NAO RECEBER APOS 30 DIAS DO VENCIMENTO.                                                                                                                                                                                                         13061800000000000001306180000000000000       0090770900016748688062061817000006
100000000000000000000009077090001674800000000000000000000000010002100004201606181300000000002            2  01042016061824061800000001751600000000001N120618000000000000000000000000000000000000000000000000000000000000000100004201640817SANDRA APARECIDA TOJAL                  AVENIDA MASCOTE - 81 AP.132 BL.A - VILA             04363000                                                            000008
2SR. CAIXA, APOS O VENCIMENTO COBRAR 10% DE MULTA                                NAO RECEBER APOS 30 DIAS DO VENCIMENTO.                                                                                                                                                                                                         13061800000000000001306180000000000000       0090770900016748042016061813000009
100000000000000000000009077090001674800000000000000000000000010002100025278906181700000000002            2  01252789061824061800000001875750000000001N120618000000000000000000000000000000000000000000000000000000000000000100025278913819FERNANDO LOPES DA SILVA                 RUA RUBEN DE SOUZA - 387 AP.24A - VILA I            04653170                                                            000011
2SR. CAIXA, APOS O VENCIMENTO COBRAR 10% DE MULTA                                NAO RECEBER APOS 30 DIAS DO VENCIMENTO.                                                                                                                                                                                                         13061800000000000001306180000000000000       0090770900016748252789061817000012
100000000000000000000009077090001674800000000000000000000000010002100000024606181800000000002            2  01000246061824061800000002085260000000001N120618000000000000000000000000000000000000000000000000000000000000000100000024633852JAYME MASRI                             RUA MONTE CASTELO - 296 AP.24 - BAIRRO A            11702720                                                            000014
2SR. CAIXA, APOS O VENCIMENTO COBRAR 10% DE MULTA                                NAO RECEBER APOS 30 DIAS DO VENCIMENTO.                                                                                                                                                                                                         13061800000000000001306180000000000000       0090770900016748000246061818000015
100000000000000000000009077090001674800000000000000000000000010002100013184406181100000000002            2  01131844061824061800000006144910000000001N120618000000000000000000000000000000000000000000000000000000000000000100013184404838CLAUDIO GOMES BAHIA                     RUA MARIA CONCEICAO - 89 - VILA SAO PEDR            07032070                                                            000017
2SR. CAIXA, APOS O VENCIMENTO COBRAR 10% DE MULTA                                NAO RECEBER APOS 30 DIAS DO VENCIMENTO.                                                                                                                                                                                                         13061800000000000001306180000000000000       0090770900016748131844061811000018
100000000000000000000009077090001674800000000000000000000000010002100013184406182P00000000002            2  01131844061824061800000002165240000000001N120618000000000000000000000000000000000000000000000000000000000000000100013184404838CLAUDIO GOMES BAHIA                     RUA MARIA CONCEICAO - 89 - VILA SAO PEDR            07032070                                                            000020
2SR. CAIXA, APOS O VENCIMENTO COBRAR 10% DE MULTA                                NAO RECEBER APOS 30 DIAS DO VENCIMENTO.                                                                                                                                                                                                         13061800000000000001306180000000000000       009077090001674813184406182P000021
100000000000000000000009077090001674800000000000000000000000010002100006055506181700000000002            2  01060555061824061800000011368040000000001N120618000000000000000000000000000000000000000000000000000000000000000100006055565803EDSON ALVES                             RUA EDGAR CODAZZI - 49 CASA 02 - CIDADE             08225280                                                            000023
2SR. CAIXA, APOS O VENCIMENTO COBRAR 10% DE MULTA                                NAO RECEBER APOS 30 DIAS DO VENCIMENTO.                                                                                                                                                                                                         13061800000000000001306180000000000000       0090770900016748060555061817000024
100000000000000000000009077090001674800000000000000000000000010002100006055506182500000000002            2  01060555061824061800000003278910000000001N120618000000000000000000000000000000000000000000000000000000000000000100006055565803EDSON ALVES                             RUA EDGAR CODAZZI - 49 CASA 02 - CIDADE             08225280                                                            000026
2SR. CAIXA, APOS O VENCIMENTO COBRAR 10% DE MULTA                                NAO RECEBER APOS 30 DIAS DO VENCIMENTO.                                                                                                                                                                                                         13061800000000000001306180000000000000       0090770900016748060555061825000027
100000000000000000000009077090001674800000000000000000000000010002100021899206181000000000002            2  01218992061824061800000002389020000000001N120618000000000000000000000000000000000000000000000000000000000000000100021899277811ALESSANDRE ALVES ANDRADE                RUA MONTE CASTELO - 262 AP.132 - AVIACAO            11702720                                                            000029
2SR. CAIXA, APOS O VENCIMENTO COBRAR 10% DE MULTA                                NAO RECEBER APOS 30 DIAS DO VENCIMENTO.                                                                                                                                                                                                         13061800000000000001306180000000000000       0090770900016748218992061810000030
100000000000000000000009077090001674800000000000000000000000010002100015739606181200000000002            2  01157396061824061800000002071320000000001N120618000000000000000000000000000000000000000000000000000000000000000100015739602840EZEQUIEL DOS SANTOS LIMA                RUA MONGUBA - 464 - VILA CARRAO - SAO PA            03438000                                                            000032
2SR. CAIXA, APOS O VENCIMENTO COBRAR 10% DE MULTA                                NAO RECEBER APOS 30 DIAS DO VENCIMENTO.                                                                                                                                                                                                         13061800000000000001306180000000000000       0090770900016748157396061812000033
100000000000000000000009077090001674800000000000000000000000010002100003441206181500000000002            2  01034412061824061800000012406660000000001N120618000000000000000000000000000000000000000000000000000000000000000100003441232860LUIZ CARLOS CAMARGO BIANCHI             RUA GENERAL LEITE DE CASTRO - 200 - JARD            04182020                                                            000035
2SR. CAIXA, APOS O VENCIMENTO COBRAR 10% DE MULTA                                NAO RECEBER APOS 30 DIAS DO VENCIMENTO.                                                                                                                                                                                                         13061800000000000001306180000000000000       0090770900016748034412061815000036
100000000000000000000009077090001674800000000000000000000000010002100003441206182300000000002            2  01034412061824061800000002083090000000001N120618000000000000000000000000000000000000000000000000000000000000000100003441232860LUIZ CARLOS CAMARGO BIANCHI             RUA GENERAL LEITE DE CASTRO - 200 - JARD            04182020                                                            000038
2SR. CAIXA, APOS O VENCIMENTO COBRAR 10% DE MULTA                                NAO RECEBER APOS 30 DIAS DO VENCIMENTO.                                                                                                                                                                                                         13061800000000000001306180000000000000       0090770900016748034412061823000039
100000000000000000000009077090001674800000000000000000000000010002100014681406181400000000002            2  01146814061824061800000002161030000000001N120618000000000000000000000000000000000000000000000000000000000000000100014681490830HUMBERTO MOZART CALIXTO                 RUA MONTE CASTELO - 296 AP.41 - AVIACAO             11702720                                                            000041
2SR. CAIXA, APOS O VENCIMENTO COBRAR 10% DE MULTA                                NAO RECEBER APOS 30 DIAS DO VENCIMENTO.                                                                                                                                                                                                         13061800000000000001306180000000000000       0090770900016748146814061814000042
100000000000000000000009077090001674800000000000000000000000010002100023007706181700000000002            2  01230077061824061800000001767010000000001N120618000000000000000000000000000000000000000000000000000000000000000100023007705800BRUNA ANTUN AZEVEDO                     RUA MONTE CASTELO - 296 AP.62 - AVIACAO             11702720                                                            000044
2SR. CAIXA, APOS O VENCIMENTO COBRAR 10% DE MULTA                                NAO RECEBER APOS 30 DIAS DO VENCIMENTO.                                                                                                                                                                                                         13061800000000000001306180000000000000       0090770900016748230077061817000045
100000000000000000000009077090001674800000000000000000000000010002100006550706181500000000002            2  01065507061824061800000001824390000000001N120618000000000000000000000000000000000000000000000000000000000000000100006550730864IVONE APARECIDA VIEIRA GADI TEIXEIRA    RUA SAO FLORENCIO  - 1500 AP.44 BLOCO 01            03733020                                                            000047
2SR. CAIXA, APOS O VENCIMENTO COBRAR 10% DE MULTA                                NAO RECEBER APOS 30 DIAS DO VENCIMENTO.                                                                                                                                                                                                         13061800000000000001306180000000000000       0090770900016748065507061815000048
100000000000000000000009077090001674800000000000000000000000010002100000930606181P00000000002            2  01009306061824061800000003293190000000001N120618000000000000000000000000000000000000000000000000000000000000000100000930668642VALERIA RODRIGUES DANTAS                RUA MONTE CASTELO - 262 AP.21 - AVIACAO             11702720                                                            000050
2SR. CAIXA, APOS O VENCIMENTO COBRAR 10% DE MULTA                                NAO RECEBER APOS 30 DIAS DO VENCIMENTO.                                                                                                                                                                                                         13061800000000000001306180000000000000       009077090001674800930606181P000051
100000000000000000000009077090001674800000000000000000000000010002100084057906181300000000002            2  01840579061827061800000002000000000000001N120618000000000000000000000000000000000000000000000000000000000000000100084057904891ANTONIO GONZAGA DOS SANTOS              RUA BRIGADEIRO JOSE FERREIRA - 319 - CAN            11700470                                                            000053
2SR. CAIXA, APOS O VENCIMENTO COBRAR 10% DE MULTA                                NAO RECEBER APOS 30 DIAS DO VENCIMENTO.                                                                                                                                                                                                         13061800000000000001306180000000000000       0090770900016748840579061813000054
100000000000000000000009077090001674800000000000000000000000010002100075574006181300000000002            2  01755740061824061800000002824060000000001N120618000000000000000000000000000000000000000000000000000000000000000100075574063891CASSIO TADEU DA SILVEIRA                RUA CONSELHEIRO MOREIRA DE BARROS - 1.55            02430000                                                            000056
2SR. CAIXA, APOS O VENCIMENTO COBRAR 10% DE MULTA                                NAO RECEBER APOS 30 DIAS DO VENCIMENTO.                                                                                                                                                                                                         13061800000000000001306180000000000000       0090770900016748755740061813000057
100000000000000000000009077090001674800000000000000000000000010002100000764606181100000000002            2  01007646061824061800000002088540000000001N120618000000000000000000000000000000000000000000000000000000000000000100000764632817LUIZ CARLOS ANTUNES JUNIOR              RUA MONTE CASTELO - 262 AP.35 - AVIACAO             11702720                                                            000059
2SR. CAIXA, APOS O VENCIMENTO COBRAR 10% DE MULTA                                NAO RECEBER APOS 30 DIAS DO VENCIMENTO.                                                                                                                                                                                                         13061800000000000001306180000000000000       0090770900016748007646061811000060
100000000000000000000009077090001674800000000000000000000000010002100027317606181100000000002            2  01273176061824061800000002047160000000001N120618000000000000000000000000000000000000000000000000000000000000000100027317668591ERONILTON SOUSA MOTA                    AVENIDA PRESIDENTE KENNEDY - 3203 - AVIA            11701330                                                            000062
2SR. CAIXA, APOS O VENCIMENTO COBRAR 10% DE MULTA                                NAO RECEBER APOS 30 DIAS DO VENCIMENTO.                                                                                                                                                                                                         13061800000000000001306180000000000000       0090770900016748273176061811000063
100000000000000000000009077090001674800000000000000000000000010002100066104106181100000000002            2  01661041061824061800000002111370000000001N120618000000000000000000000000000000000000000000000000000000000000000100066104106820ANADIR FERREIRA                         RUA MONTE CASTELO - 296 AP.61 - AVIACAO             11702720                                                            000065
2SR. CAIXA, APOS O VENCIMENTO COBRAR 10% DE MULTA                                NAO RECEBER APOS 30 DIAS DO VENCIMENTO.                                                                                                                                                                                                         13061800000000000001306180000000000000       0090770900016748661041061811000066
100000000000000000000009077090001674800000000000000000000000010002100072078306181900000000002            2  01720783061824061800000001061600000000001N120618000000000000000000000000000000000000000000000000000000000000000100072078332704FATIMA DA CONCEICAO BEZERRA             RUA DO MANIFESTO - 2.822 CASA 5 - IPIRAN            04209003                                                            000068
2SR. CAIXA, APOS O VENCIMENTO COBRAR 10% DE MULTA                                NAO RECEBER APOS 30 DIAS DO VENCIMENTO.                                                                                                                                                                                                         13061800000000000001306180000000000000       0090770900016748720783061819000069
100000000000000000000009077090001674800000000000000000000000010002100057014506181800000000002            2  01570145061824061800000002370570000000001N120618000000000000000000000000000000000000000000000000000000000000000100057014582887SONIA MARIA DA SILVA PEGORARO           RUA FRANCO PAULISTA  - 80 - AGUA FRIA -             02332030                                                            000071
2SR. CAIXA, APOS O VENCIMENTO COBRAR 10% DE MULTA                                NAO RECEBER APOS 30 DIAS DO VENCIMENTO.                                                                                                                                                                                                         13061800000000000001306180000000000000       0090770900016748570145061818000072
100000000000000000000009077090001674800000000000000000000000010002100006505306181500000000002            2  01065053061824061800000002576570000000001N120618000000000000000000000000000000000000000000000000000000000000000100006505382852LUIS ANTONIO DINIS HENRIQUES            RUA ESTEVAO  BAIAO - 520 AP.93A - CAMPO             04624002                                                            000074
2SR. CAIXA, APOS O VENCIMENTO COBRAR 10% DE MULTA                                NAO RECEBER APOS 30 DIAS DO VENCIMENTO.                                                                                                                                                                                                         13061800000000000001306180000000000000       0090770900016748065053061815000075
100000000000000000000009077090001674800000000000000000000000010002100011544706181800000000002            2  01115447061824061800000004680680000000001N120618000000000000000000000000000000000000000000000000000000000000000100011544777620GRACIELY RODRIGUES FERNANDES            RUA MONTE CASTELO - 262 AP.111 - AVIACAO            11702720                                                            000077
2SR. CAIXA, APOS O VENCIMENTO COBRAR 10% DE MULTA                                NAO RECEBER APOS 30 DIAS DO VENCIMENTO.                                                                                                                                                                                                         13061800000000000001306180000000000000       0090770900016748115447061818000078
100000000000000000000009077090001674800000000000000000000000010002100005629006181200000000002            2  01056290061824061800000003404250000000001N120618000000000000000000000000000000000000000000000000000000000000000100005629087819ROMILDO MARTINS PIZA                    RUA MAESTRO ARTURO DE ANGELIS - 190 AP.3            05139010                                                            000080
2SR. CAIXA, APOS O VENCIMENTO COBRAR 10% DE MULTA                                NAO RECEBER APOS 30 DIAS DO VENCIMENTO.                                                                                                                                                                                                         13061800000000000001306180000000000000       0090770900016748056290061812000081
100000000000000000000009077090001674800000000000000000000000010002100004290906181100000000002            2  01042909061824061800000001814580000000001N120618000000000000000000000000000000000000000000000000000000000000000100004290973876WLADIMIR PAIOLA BORREGO                 RUA GOMES - 429 - VILA IVONE - SAO PAULO            03275010                                                            000083
2SR. CAIXA, APOS O VENCIMENTO COBRAR 10% DE MULTA                                NAO RECEBER APOS 30 DIAS DO VENCIMENTO.                                                                                                                                                                                                         13061800000000000001306180000000000000       0090770900016748042909061811000084
100000000000000000000009077090001674800000000000000000000000010002100034325506181700000000002            2  01343255061824061800000001717910000000001N120618000000000000000000000000000000000000000000000000000000000000000100034325567801LUIZ FERNANDO ALAMINO                   RUA MONTE CASTELO - 296 AP.21 - AVIACAO             11702720                                                            000086
2SR. CAIXA, APOS O VENCIMENTO COBRAR 10% DE MULTA                                NAO RECEBER APOS 30 DIAS DO VENCIMENTO.                                                                                                                                                                                                         13061800000000000001306180000000000000       0090770900016748343255061817000087
9                                                                                                                                                                                                                                                                                                                                                                                                         000088