01REMESSA01COBRANCA       00000000000004991788AIRES DESENVOLVIMENTO IMOBILIA237BRADESCO       081019        MX0000163                                                                                                                                                                                                                                                                                     000001
100000000000000000000009077090011897400000000000000000000000010002100027324010191100000000002            2  01273240101924101900000001655260000000001N071019000000000000000000000000000000000000000000000000000000000000000100027324099874LEONARDO BORGES DUARTE SILVA            RUA JOSE CALIXTO DO CARMO - 265 AP.94 -             11702690                                                            000002
2SR. CAIXA, APOS O VENCIMENTO COBRAR 10% DE MULTA                                NAO RECEBER APOS 30 DIAS DO VENCIMENTO.                                                                                                                                                                                                         08101900000000000000810190000000000000       0090770900118974273240101911000003
100000000000000000000009077090011897400000000000000000000000010002100084057910191200000000002            2  01840579101927101900000002000000000000001N071019000000000000000000000000000000000000000000000000000000000000000100084057904891ANTONIO GONZAGA DOS SANTOS              RUA BRIGADEIRO JOSE FERREIRA - 319 - CAN            11700470                                                            000005
2SR. CAIXA, APOS O VENCIMENTO COBRAR 10% DE MULTA                                NAO RECEBER APOS 30 DIAS DO VENCIMENTO.                                                                                                                                                                                                         08101900000000000000810190000000000000       0090770900118974840579101912000006
100000000000000000000009077090011897400000000000000000000000010002100036782010191300000000002            2  01367820101924101900000001593450000000001N071019000000000000000000000000000000000000000000000000000000000000000100036782058871ANA PAULA BUENO DA COSTA                RUA MARIQUITA ARTACHO - 218 CASA 3 - JAR            03716000                                                            000008
2SR. CAIXA, APOS O VENCIMENTO COBRAR 10% DE MULTA                                NAO RECEBER APOS 30 DIAS DO VENCIMENTO.                                                                                                                                                                                                         08101900000000000000810190000000000000       0090770900118974367820101913000009
100000000000000000000009077090011897400000000000000000000000010002100018272710191100000000002            2  01182727101927101900000001800000000000001N071019000000000000000000000000000000000000000000000000000000000000000100018272729881HENRY CESAR UEDA                        RUA MONTE CASTELO - 295 AP.94 - AVIACAO             11702720                                                            000011
2SR. CAIXA, APOS O VENCIMENTO COBRAR 10% DE MULTA                                NAO RECEBER APOS 30 DIAS DO VENCIMENTO.                                                                                                                                                                                                         08101900000000000000810190000000000000       0090770900118974182727101911000012
100000000000000000000009077090011897400000000000000000000000010002100027300910191700000000002            2  01273009101924101900000001854610000000001N071019000000000000000000000000000000000000000000000000000000000000000100027300953816HOSANA DOS SANTOS MOLEIRO               RUA JOSE CALIXTO DO CARMO - 295 AP.61 -             11702690                                                            000014
2SR. CAIXA, APOS O VENCIMENTO COBRAR 10% DE MULTA                                NAO RECEBER APOS 30 DIAS DO VENCIMENTO.                                                                                                                                                                                                         08101900000000000000810190000000000000       0090770900118974273009101917000015
100000000000000000000009077090011897400000000000000000000000010002100027300910192500000000002            2  01273009101924101900000001854570000000001N071019000000000000000000000000000000000000000000000000000000000000000100027300953816HOSANA DOS SANTOS MOLEIRO               RUA JOSE CALIXTO DO CARMO - 295 AP.61 -             11702690                                                            000017
2SR. CAIXA, APOS O VENCIMENTO COBRAR 10% DE MULTA                                NAO RECEBER APOS 30 DIAS DO VENCIMENTO.                                                                                                                                                                                                         08101900000000000000810190000000000000       0090770900118974273009101925000018
100000000000000000000009077090011897400000000000000000000000010002100027300910193300000000002            2  01273009101924101900000001854580000000001N071019000000000000000000000000000000000000000000000000000000000000000100027300953816HOSANA DOS SANTOS MOLEIRO               RUA JOSE CALIXTO DO CARMO - 295 AP.61 -             11702690                                                            000020
2SR. CAIXA, APOS O VENCIMENTO COBRAR 10% DE MULTA                                NAO RECEBER APOS 30 DIAS DO VENCIMENTO.                                                                                                                                                                                                         08101900000000000000810190000000000000       0090770900118974273009101933000021
100000000000000000000009077090011897400000000000000000000000010002100027300910194100000000002            2  01273009101924101900000001854590000000001N071019000000000000000000000000000000000000000000000000000000000000000100027300953816HOSANA DOS SANTOS MOLEIRO               RUA JOSE CALIXTO DO CARMO - 295 AP.61 -             11702690                                                            000023
2SR. CAIXA, APOS O VENCIMENTO COBRAR 10% DE MULTA                                NAO RECEBER APOS 30 DIAS DO VENCIMENTO.                                                                                                                                                                                                         08101900000000000000810190000000000000       0090770900118974273009101941000024
100000000000000000000009077090011897400000000000000000000000010002100027300910195P00000000002            2  01273009101924101900000001854600000000001N071019000000000000000000000000000000000000000000000000000000000000000100027300953816HOSANA DOS SANTOS MOLEIRO               RUA JOSE CALIXTO DO CARMO - 295 AP.61 -             11702690                                                            000026
2SR. CAIXA, APOS O VENCIMENTO COBRAR 10% DE MULTA                                NAO RECEBER APOS 30 DIAS DO VENCIMENTO.                                                                                                                                                                                                         08101900000000000000810190000000000000       009077090011897427300910195P000027
9                                                                                                                                                                                                                                                                                                                                                                                                         000028