01REMESSA01COBRANCA       00000000000004991454AIRES CONSTRUTORA E INCORPORAD237BRADESCO       060219        MX0000126                                                                                                                                                                                                                                                                                     000001
100000000000000000000009077090001674800000000000000000000000010002100049736702192000000000002            2  01497367021924021900000001442620000000001N060219000000000000000000000000000000000000000000000000000000000000000100049736787320RAIMUNDO VIEIRA DA SILVA                RUA BOLIVIA - 81 AP.ZELADORIA - JARDIM G            11701850                                                            000002
2SR. CAIXA, APOS O VENCIMENTO COBRAR 10% DE MULTA                                NAO RECEBER APOS 30 DIAS DO VENCIMENTO.                                                                                                                                                                                                         06021900000000000000602190000000000000       0090770900016748497367021920000003
100000000000000000000009077090001674800000000000000000000000010002100068806202191200000000002            2  01688062021924021900000001280320000000001N060219000000000000000000000000000000000000000000000000000000000000000100068806272853FATIMA MOREIRA SALOMAO                  RUA TORQUATO DE CAMILLO - 84 - CARANDA B            79032031                                                            000005
2SR. CAIXA, APOS O VENCIMENTO COBRAR 10% DE MULTA                                NAO RECEBER APOS 30 DIAS DO VENCIMENTO.                                                                                                                                                                                                         06021900000000000000602190000000000000       0090770900016748688062021912000006
100000000000000000000009077090001674800000000000000000000000010002100004201602191900000000002            2  01042016021924021900000001859500000000001N060219000000000000000000000000000000000000000000000000000000000000000100004201640817SANDRA APARECIDA TOJAL                  AVENIDA MASCOTE - 81 AP.132 BL.A - VILA             04363000                                                            000008
2SR. CAIXA, APOS O VENCIMENTO COBRAR 10% DE MULTA                                NAO RECEBER APOS 30 DIAS DO VENCIMENTO.                                                                                                                                                                                                         06021900000000000000602190000000000000       0090770900016748042016021919000009
100000000000000000000009077090001674800000000000000000000000010002100025278902191200000000002            2  01252789021924021900000001991280000000001N060219000000000000000000000000000000000000000000000000000000000000000100025278913819FERNANDO LOPES DA SILVA                 RUA RUBEN DE SOUZA - 387 AP.24A - VILA I            04653170                                                            000011
2SR. CAIXA, APOS O VENCIMENTO COBRAR 10% DE MULTA                                NAO RECEBER APOS 30 DIAS DO VENCIMENTO.                                                                                                                                                                                                         06021900000000000000602190000000000000       0090770900016748252789021912000012
100000000000000000000009077090001674800000000000000000000000010002100000024602191300000000002            2  01000246021924021900000002213700000000001N060219000000000000000000000000000000000000000000000000000000000000000100000024633852JAYME MASRI                             RUA MONTE CASTELO - 296 AP.24 - BAIRRO A            11702720                                                            000014
2SR. CAIXA, APOS O VENCIMENTO COBRAR 10% DE MULTA                                NAO RECEBER APOS 30 DIAS DO VENCIMENTO.                                                                                                                                                                                                         06021900000000000000602190000000000000       0090770900016748000246021913000015
100000000000000000000009077090001674800000000000000000000000010002100013184402191700000000002            2  01131844021924021900000002298610000000001N060219000000000000000000000000000000000000000000000000000000000000000100013184404838CLAUDIO GOMES BAHIA                     RUA MARIA CONCEICAO - 89 - VILA SAO PEDR            07032070                                                            000017
2SR. CAIXA, APOS O VENCIMENTO COBRAR 10% DE MULTA                                NAO RECEBER APOS 30 DIAS DO VENCIMENTO.                                                                                                                                                                                                         06021900000000000000602190000000000000       0090770900016748131844021917000018
100000000000000000000009077090001674800000000000000000000000010002100006055502191200000000002            2  01060555021924021900000003480890000000001N060219000000000000000000000000000000000000000000000000000000000000000100006055565803EDSON ALVES                             RUA EDGAR CODAZZI - 49 CASA 02 - CIDADE             08225280                                                            000020
2SR. CAIXA, APOS O VENCIMENTO COBRAR 10% DE MULTA                                NAO RECEBER APOS 30 DIAS DO VENCIMENTO.                                                                                                                                                                                                         06021900000000000000602190000000000000       0090770900016748060555021912000021
100000000000000000000009077090001674800000000000000000000000010002100021899202191600000000002            2  01218992021924021900000002536180000000001N060219000000000000000000000000000000000000000000000000000000000000000100021899277811ALESSANDRE ALVES ANDRADE                RUA MONTE CASTELO - 262 AP.132 - AVIACAO            11702720                                                            000023
2SR. CAIXA, APOS O VENCIMENTO COBRAR 10% DE MULTA                                NAO RECEBER APOS 30 DIAS DO VENCIMENTO.                                                                                                                                                                                                         06021900000000000000602190000000000000       0090770900016748218992021916000024
100000000000000000000009077090001674800000000000000000000000010002100003441202191000000000002            2  01034412021924021900000002211410000000001N060219000000000000000000000000000000000000000000000000000000000000000100003441232860LUIZ CARLOS CAMARGO BIANCHI             RUA GENERAL LEITE DE CASTRO - 200 - JARD            04182020                                                            000026
2SR. CAIXA, APOS O VENCIMENTO COBRAR 10% DE MULTA                                NAO RECEBER APOS 30 DIAS DO VENCIMENTO.                                                                                                                                                                                                         06021900000000000000602190000000000000       0090770900016748034412021910000027
100000000000000000000009077090001674800000000000000000000000010002100014681402191P00000000002            2  01146814021924021900000002294150000000001N060219000000000000000000000000000000000000000000000000000000000000000100014681490830HUMBERTO MOZART CALIXTO                 RUA MONTE CASTELO - 296 AP.41 - AVIACAO             11702720                                                            000029
2SR. CAIXA, APOS O VENCIMENTO COBRAR 10% DE MULTA                                NAO RECEBER APOS 30 DIAS DO VENCIMENTO.                                                                                                                                                                                                         06021900000000000000602190000000000000       009077090001674814681402191P000030
100000000000000000000009077090001674800000000000000000000000010002100023007702191200000000002            2  01230077021924021900000001875840000000001N060219000000000000000000000000000000000000000000000000000000000000000100023007705800BRUNA ANTUN AZEVEDO                     RUA MONTE CASTELO - 296 AP.62 - AVIACAO             11702720                                                            000032
2SR. CAIXA, APOS O VENCIMENTO COBRAR 10% DE MULTA                                NAO RECEBER APOS 30 DIAS DO VENCIMENTO.                                                                                                                                                                                                         06021900000000000000602190000000000000       0090770900016748230077021912000033
100000000000000000000009077090001674800000000000000000000000010002100006550702191000000000002            2  01065507021924021900000001936770000000001N060219000000000000000000000000000000000000000000000000000000000000000100006550730864IVONE APARECIDA VIEIRA GADI TEIXEIRA    RUA SAO FLORENCIO  - 1500 AP.44 BLOCO 01            03733020                                                            000035
2SR. CAIXA, APOS O VENCIMENTO COBRAR 10% DE MULTA                                NAO RECEBER APOS 30 DIAS DO VENCIMENTO.                                                                                                                                                                                                         06021900000000000000602190000000000000       0090770900016748065507021910000036
100000000000000000000009077090001674800000000000000000000000010002100006550702192900000000002            2  01065507021924021900000001936770000000001N060219000000000000000000000000000000000000000000000000000000000000000100006550730864IVONE APARECIDA VIEIRA GADI TEIXEIRA    RUA SAO FLORENCIO  - 1500 AP.44 BLOCO 01            03733020                                                            000038
2SR. CAIXA, APOS O VENCIMENTO COBRAR 10% DE MULTA                                NAO RECEBER APOS 30 DIAS DO VENCIMENTO.                                                                                                                                                                                                         06021900000000000000602190000000000000       0090770900016748065507021929000039
100000000000000000000009077090001674800000000000000000000000010002100000930602191500000000002            2  01009306021924021900000003470020000000001N060219000000000000000000000000000000000000000000000000000000000000000100000930668642VALERIA RODRIGUES DANTAS                RUA MONTE CASTELO - 262 AP.21 - AVIACAO             11702720                                                            000041
2SR. CAIXA, APOS O VENCIMENTO COBRAR 10% DE MULTA                                NAO RECEBER APOS 30 DIAS DO VENCIMENTO.                                                                                                                                                                                                         06021900000000000000602190000000000000       0090770900016748009306021915000042
100000000000000000000009077090001674800000000000000000000000010002100075574002191900000000002            2  01755740021924021900000002998020000000001N060219000000000000000000000000000000000000000000000000000000000000000100075574063891CASSIO TADEU DA SILVEIRA                RUA CONSELHEIRO MOREIRA DE BARROS - 1.55            02430000                                                            000044
2SR. CAIXA, APOS O VENCIMENTO COBRAR 10% DE MULTA                                NAO RECEBER APOS 30 DIAS DO VENCIMENTO.                                                                                                                                                                                                         06021900000000000000602190000000000000       0090770900016748755740021919000045
100000000000000000000009077090001674800000000000000000000000010002100000764602191700000000002            2  01007646021924021900000002217190000000001N060219000000000000000000000000000000000000000000000000000000000000000100000764632817LUIZ CARLOS ANTUNES JUNIOR              RUA MONTE CASTELO - 262 AP.35 - AVIACAO             11702720                                                            000047
2SR. CAIXA, APOS O VENCIMENTO COBRAR 10% DE MULTA                                NAO RECEBER APOS 30 DIAS DO VENCIMENTO.                                                                                                                                                                                                         06021900000000000000602190000000000000       0090770900016748007646021917000048
100000000000000000000009077090001674800000000000000000000000010002100027317602191700000000002            2  01273176021924021900000002173260000000001N060219000000000000000000000000000000000000000000000000000000000000000100027317668591ERONILTON SOUSA MOTA                    AVENIDA PRESIDENTE KENNEDY - 3203 - AVIA            11701330                                                            000050
2SR. CAIXA, APOS O VENCIMENTO COBRAR 10% DE MULTA                                NAO RECEBER APOS 30 DIAS DO VENCIMENTO.                                                                                                                                                                                                         06021900000000000000602190000000000000       0090770900016748273176021917000051
100000000000000000000009077090001674800000000000000000000000010002100066104102191700000000002            2  01661041021924021900000002241430000000001N060219000000000000000000000000000000000000000000000000000000000000000100066104106820ANADIR FERREIRA                         RUA MONTE CASTELO - 296 AP.61 - AVIACAO             11702720                                                            000053
2SR. CAIXA, APOS O VENCIMENTO COBRAR 10% DE MULTA                                NAO RECEBER APOS 30 DIAS DO VENCIMENTO.                                                                                                                                                                                                         06021900000000000000602190000000000000       0090770900016748661041021917000054
100000000000000000000009077090001674800000000000000000000000010002100057014502191300000000002            2  01570145021924021900000002516590000000001N060219000000000000000000000000000000000000000000000000000000000000000100057014582887SONIA MARIA DA SILVA PEGORARO           RUA FRANCO PAULISTA  - 80 - AGUA FRIA -             02332030                                                            000056
2SR. CAIXA, APOS O VENCIMENTO COBRAR 10% DE MULTA                                NAO RECEBER APOS 30 DIAS DO VENCIMENTO.                                                                                                                                                                                                         06021900000000000000602190000000000000       0090770900016748570145021913000057
100000000000000000000009077090001674800000000000000000000000010002100006505302191000000000002            2  01065053021924021900000002735280000000001N060219000000000000000000000000000000000000000000000000000000000000000100006505382852LUIS ANTONIO DINIS HENRIQUES            RUA ESTEVAO  BAIAO - 520 AP.93A - CAMPO             04624002                                                            000059
2SR. CAIXA, APOS O VENCIMENTO COBRAR 10% DE MULTA                                NAO RECEBER APOS 30 DIAS DO VENCIMENTO.                                                                                                                                                                                                         06021900000000000000602190000000000000       0090770900016748065053021910000060
100000000000000000000009077090001674800000000000000000000000010002100011544702191300000000002            2  01115447021924021900000004969000000000001N060219000000000000000000000000000000000000000000000000000000000000000100011544777620GRACIELY RODRIGUES FERNANDES            RUA MONTE CASTELO - 262 AP.111 - AVIACAO            11702720                                                            000062
2SR. CAIXA, APOS O VENCIMENTO COBRAR 10% DE MULTA                                NAO RECEBER APOS 30 DIAS DO VENCIMENTO.                                                                                                                                                                                                         06021900000000000000602190000000000000       0090770900016748115447021913000063
100000000000000000000009077090001674800000000000000000000000010002100005629002191800000000002            2  01056290021924021900000003613940000000001N060219000000000000000000000000000000000000000000000000000000000000000100005629087819ROMILDO MARTINS PIZA                    RUA MAESTRO ARTURO DE ANGELIS - 190 AP.3            05139010                                                            000065
2SR. CAIXA, APOS O VENCIMENTO COBRAR 10% DE MULTA                                NAO RECEBER APOS 30 DIAS DO VENCIMENTO.                                                                                                                                                                                                         06021900000000000000602190000000000000       0090770900016748056290021918000066
100000000000000000000009077090001674800000000000000000000000010002100004290902191700000000002            2  01042909021924021900000001926350000000001N060219000000000000000000000000000000000000000000000000000000000000000100004290973876WLADIMIR PAIOLA BORREGO                 RUA GOMES - 429 - VILA IVONE - SAO PAULO            03275010                                                            000068
2SR. CAIXA, APOS O VENCIMENTO COBRAR 10% DE MULTA                                NAO RECEBER APOS 30 DIAS DO VENCIMENTO.                                                                                                                                                                                                         06021900000000000000602190000000000000       0090770900016748042909021917000069
100000000000000000000009077090001674800000000000000000000000010002100034325502191200000000002            2  01343255021924021900000001823740000000001N060219000000000000000000000000000000000000000000000000000000000000000100034325567801LUIZ FERNANDO ALAMINO                   RUA MONTE CASTELO - 296 AP.21 - AVIACAO             11702720                                                            000071
2SR. CAIXA, APOS O VENCIMENTO COBRAR 10% DE MULTA                                NAO RECEBER APOS 30 DIAS DO VENCIMENTO.                                                                                                                                                                                                         06021900000000000000602190000000000000       0090770900016748343255021912000072
100000000000000000000009077090001674800000000000000000000000010002100021335402191500000000002            2  01213354021924021900000001380080000000001N060219000000000000000000000000000000000000000000000000000000000000000100021335464808RAQUEL FERREIRA RAMOS                   RUA ANTONIO SEVERIANO DE ANDRADE E SILVA            11702400                                                            000074
2SR. CAIXA, APOS O VENCIMENTO COBRAR 10% DE MULTA                                NAO RECEBER APOS 30 DIAS DO VENCIMENTO.                                                                                                                                                                                                         06021900000000000000602190000000000000       0090770900016748213354021915000075
100000000000000000000009077090001674800000000000000000000000010002100005627902191400000000002            2  01056279021924021900000001618280000000001N060219000000000000000000000000000000000000000000000000000000000000000100005627947861FERNANDO CESAR MARCELINO                TRAVESSA CHARLES LEBRUN - 83 - VILA NOVA            02312060                                                            000077
2SR. CAIXA, APOS O VENCIMENTO COBRAR 10% DE MULTA                                NAO RECEBER APOS 30 DIAS DO VENCIMENTO.                                                                                                                                                                                                         06021900000000000000602190000000000000       0090770900016748056279021914000078
100000000000000000000009077090001674800000000000000000000000010002100026187902191000000000002            2  01261879021924021900000001688710000000001N060219000000000000000000000000000000000000000000000000000000000000000100026187960807CARINA CANTACESSO DE SOUZA              RUA MONTE CASTELO - 296 AP.91 - AVIACAO             11702720                                                            000080
2SR. CAIXA, APOS O VENCIMENTO COBRAR 10% DE MULTA                                NAO RECEBER APOS 30 DIAS DO VENCIMENTO.                                                                                                                                                                                                         06021900000000000000602190000000000000       0090770900016748261879021910000081
100000000000000000000009077090001674800000000000000000000000010002100004864902191600000000002            2  01048649021924021900000002257060000000001N060219000000000000000000000000000000000000000000000000000000000000000100004864924600RENATO SANTACHIARA SALVADORI            RUA PENSYLVANIA - 116 - PAYSAGE BRISE -             06730000                                                            000083
2SR. CAIXA, APOS O VENCIMENTO COBRAR 10% DE MULTA                                NAO RECEBER APOS 30 DIAS DO VENCIMENTO.                                                                                                                                                                                                         06021900000000000000602190000000000000       0090770900016748048649021916000084
9                                                                                                                                                                                                                                                                                                                                                                                                         000085