01REMESSA01COBRANCA       00000000000004991454AIRES CONSTRUTORA E INCORPORAD237BRADESCO       080617        MX0000083                                                                                                                                                                                                                                                                                     000001
100000000000000000000009077090001674800000000000000000000000010002100010955144150900000000002            2  01109551441524061700000001241430000000001N080617000000000000000000000000000000000000000000000000000000000000000100049736787320RAIMUNDO VIEIRA DA SILVA                RUA BOLIVIA - 81 AP.ZELADORIA - JARDIM G            11701850                                                            000002
2SR. CAIXA, APOS O VENCIMENTO COBRAR 10% DE MULTA                                NAO RECEBER APOS 30 DIAS DO VENCIMENTO.                                                                                                                                                                                                         08061700000000000000806170000000000000       0090770900016748109551441509000003
100000000000000000000009077090001674800000000000000000000000010002100011029145151100000000002            2  01110291451524061700000001101780000000001N080617000000000000000000000000000000000000000000000000000000000000000100068806272853FATIMA MOREIRA SALOMAO                  RUA TORQUATO DE CAMILLO - 84 - CARANDA B            79032031                                                            000005
2SR. CAIXA, APOS O VENCIMENTO COBRAR 10% DE MULTA                                NAO RECEBER APOS 30 DIAS DO VENCIMENTO.                                                                                                                                                                                                         08061700000000000000806170000000000000       0090770900016748110291451511000006
100000000000000000000009077090001674800000000000000000000000010002100011399144159100000000002            2  01113991441524061700000001523990000000001N080617000000000000000000000000000000000000000000000000000000000000000100049736787320RAIMUNDO VIEIRA DA SILVA                RUA BOLIVIA - 81 AP.ZELADORIA - JARDIM G            11701850                                                            000008
2SR. CAIXA, APOS O VENCIMENTO COBRAR 10% DE MULTA                                NAO RECEBER APOS 30 DIAS DO VENCIMENTO.                                                                                                                                                                                                         08061700000000000000806170000000000000       0090770900016748113991441591000009
100000000000000000000009077090001674800000000000000000000000010002100011596149161900000000002            2  01115961491624061700000001600170000000001N080617000000000000000000000000000000000000000000000000000000000000000100004201640817SANDRA APARECIDA TOJAL                  AVENIDA MASCOTE - 81 AP.132 BL.A - VILA             04363000                                                            000011
2SR. CAIXA, APOS O VENCIMENTO COBRAR 10% DE MULTA                                NAO RECEBER APOS 30 DIAS DO VENCIMENTO.                                                                                                                                                                                                         08061700000000000000806170000000000000       0090770900016748115961491619000012
100000000000000000000009077090001674800000000000000000000000010002100011704150162300000000002            2  01117041501624061700000001713590000000001N080617000000000000000000000000000000000000000000000000000000000000000100025278913819FERNANDO LOPES DA SILVA                 RUA RUBEN DE SOUZA - 387 AP.24A - VILA I            04653170                                                            000014
2SR. CAIXA, APOS O VENCIMENTO COBRAR 10% DE MULTA                                NAO RECEBER APOS 30 DIAS DO VENCIMENTO.                                                                                                                                                                                                         08061700000000000000806170000000000000       0090770900016748117041501623000015
100000000000000000000009077090001674800000000000000000000000010002100011806151163P00000000002            2  01118061511624061700000001904990000000001N080617000000000000000000000000000000000000000000000000000000000000000100000024633852JAYME MASRI                             RUA MONTE CASTELO - 296 AP.24 - BAIRRO A            11702720                                                            000017
2SR. CAIXA, APOS O VENCIMENTO COBRAR 10% DE MULTA                                NAO RECEBER APOS 30 DIAS DO VENCIMENTO.                                                                                                                                                                                                         08061700000000000000806170000000000000       009077090001674811806151163P000018
100000000000000000000009077090001674800000000000000000000000010002100012315153168400000000002            2  01123151531624061700000001978050000000001N080617000000000000000000000000000000000000000000000000000000000000000100013184404838CLAUDIO GOMES BAHIA                     RUA MARIA CONCEICAO - 89 - VILA SAO PEDR            07032070                                                            000020
2SR. CAIXA, APOS O VENCIMENTO COBRAR 10% DE MULTA                                NAO RECEBER APOS 30 DIAS DO VENCIMENTO.                                                                                                                                                                                                         08061700000000000000806170000000000000       0090770900016748123151531684000021
100000000000000000000009077090001674800000000000000000000000010002100012414154169600000000002            2  01124141541624061700000010385230000000001N080617000000000000000000000000000000000000000000000000000000000000000100006055565803EDSON ALVES                             RUA EDGAR CODAZZI - 49 CASA 02 - CIDADE             08225280                                                            000023
2SR. CAIXA, APOS O VENCIMENTO COBRAR 10% DE MULTA                                NAO RECEBER APOS 30 DIAS DO VENCIMENTO.                                                                                                                                                                                                         08061700000000000000806170000000000000       0090770900016748124141541696000024
100000000000000000000009077090001674800000000000000000000000010002100012428154169600000000002            2  01124281541624061700000002995430000000001N080617000000000000000000000000000000000000000000000000000000000000000100006055565803EDSON ALVES                             RUA EDGAR CODAZZI - 49 CASA 02 - CIDADE             08225280                                                            000026
2SR. CAIXA, APOS O VENCIMENTO COBRAR 10% DE MULTA                                NAO RECEBER APOS 30 DIAS DO VENCIMENTO.                                                                                                                                                                                                         08061700000000000000806170000000000000       0090770900016748124281541696000027
100000000000000000000009077090001674800000000000000000000000010002100013352161180700000000002            2  01133521611824061700000002182490000000001N080617000000000000000000000000000000000000000000000000000000000000000100021899277811ALESSANDRE ALVES ANDRADE                RUA MONTE CASTELO - 262 AP.132 - AVIACAO            11702720                                                            000029
2SR. CAIXA, APOS O VENCIMENTO COBRAR 10% DE MULTA                                NAO RECEBER APOS 30 DIAS DO VENCIMENTO.                                                                                                                                                                                                         08061700000000000000806170000000000000       0090770900016748133521611807000030
100000000000000000000009077090001674800000000000000000000000010002100013437162183P00000000002            2  01134371621824061700000001892260000000001N080617000000000000000000000000000000000000000000000000000000000000000100015739602840EZEQUIEL DOS SANTOS LIMA                RUA MONGUBA - 464 - VILA CARRAO - SAO PA            03438000                                                            000032
2SR. CAIXA, APOS O VENCIMENTO COBRAR 10% DE MULTA                                NAO RECEBER APOS 30 DIAS DO VENCIMENTO.                                                                                                                                                                                                         08061700000000000000806170000000000000       009077090001674813437162183P000033
100000000000000000000009077090001674800000000000000000000000010002100013870165188400000000002            2  01138701651824061700000011334060000000001N080617000000000000000000000000000000000000000000000000000000000000000100003441232860LUIZ CARLOS CAMARGO BIANCHI             RUA GENERAL LEITE DE CASTRO - 200 - JARD            04182020                                                            000035
2SR. CAIXA, APOS O VENCIMENTO COBRAR 10% DE MULTA                                NAO RECEBER APOS 30 DIAS DO VENCIMENTO.                                                                                                                                                                                                         08061700000000000000806170000000000000       0090770900016748138701651884000036
100000000000000000000009077090001674800000000000000000000000010002100013885165188200000000002            2  01138851651824061700000001902990000000001N080617000000000000000000000000000000000000000000000000000000000000000100003441232860LUIZ CARLOS CAMARGO BIANCHI             RUA GENERAL LEITE DE CASTRO - 200 - JARD            04182020                                                            000038
2SR. CAIXA, APOS O VENCIMENTO COBRAR 10% DE MULTA                                NAO RECEBER APOS 30 DIAS DO VENCIMENTO.                                                                                                                                                                                                         08061700000000000000806170000000000000       0090770900016748138851651882000039
100000000000000000000009077090001674800000000000000000000000010002100014305168194900000000002            2  01143051681924061700000001974200000000001N080617000000000000000000000000000000000000000000000000000000000000000100014681490830HUMBERTO MOZART CALIXTO                 RUA MONTE CASTELO - 296 AP.41 - AVIACAO             11702720                                                            000041
2SR. CAIXA, APOS O VENCIMENTO COBRAR 10% DE MULTA                                NAO RECEBER APOS 30 DIAS DO VENCIMENTO.                                                                                                                                                                                                         08061700000000000000806170000000000000       0090770900016748143051681949000042
100000000000000000000009077090001674800000000000000000000000010002100015099174203900000000002            2  01150991742024061700000001614250000000001N080617000000000000000000000000000000000000000000000000000000000000000100023007705800BRUNA ANTUN AZEVEDO                     RUA MONTE CASTELO - 296 AP.62 - AVIACAO             11702720                                                            000044
2SR. CAIXA, APOS O VENCIMENTO COBRAR 10% DE MULTA                                NAO RECEBER APOS 30 DIAS DO VENCIMENTO.                                                                                                                                                                                                         08061700000000000000806170000000000000       0090770900016748150991742039000045
100000000000000000000009077090001674800000000000000000000000010002100015200175204600000000002            2  01152001752024061700000001876410000000001N080617000000000000000000000000000000000000000000000000000000000000000100027944402840MARILENE BOTTONI SIMOES DA SILVA        RUA AMAZONAS - 1205 AP.14 - OSVALDO CRUZ            09540201                                                            000047
2SR. CAIXA, APOS O VENCIMENTO COBRAR 10% DE MULTA                                NAO RECEBER APOS 30 DIAS DO VENCIMENTO.                                                                                                                                                                                                         08061700000000000000806170000000000000       0090770900016748152001752046000048
9                                                                                                                                                                                                                                                                                                                                                                                                         000049