01REMESSA01COBRANCA       00000000000004991788AIRES DESENVOLVIMENTO IMOBILIA237BRADESCO       090817        MX0000100                                                                                                                                                                                                                                                                                     000001
100000000000000000000009077090011897400000000000000000000000010002100000051608070400000000002            2  01005160807025081700000001803900000000001N090817000000000000000000000000000000000000000000000000000000000000000100011088018890LUIZ CARLOS VITORINO MADEIRA            RUA JOSE CALIXTO DO CARMO - 265 AP. 32 -            11702690                                                            000002
2SR. CAIXA, APOS O VENCIMENTO COBRAR 10% DE MULTA                                NAO RECEBER APOS 30 DIAS DO VENCIMENTO.                                                                                                                                                                                                         09081700000000000000908170000000000000       0090770900118974000516080704000003
100000000000000000000009077090011897400000000000000000000000010002100000066919388500000000002            2  01006691938825081700000002624900000000001N090817000000000000000000000000000000000000000000000000000000000000000100004007807809CLAUDIO CANESCHI                        RUA AGRESTE  DE ITABAINA - 663 - VILA UN            03683000                                                            000005
2SR. CAIXA, APOS O VENCIMENTO COBRAR 10% DE MULTA                                NAO RECEBER APOS 30 DIAS DO VENCIMENTO.                                                                                                                                                                                                         09081700000000000000908170000000000000       0090770900118974000669193885000006
100000000000000000000009077090011897400000000000000000000000010002100000071509893000000000002            2  01007150989325081700000002413360000000001N090817000000000000000000000000000000000000000000000000000000000000000100025998413806CELESTE ERMELINDA NEVES DA SILVA        RUA CIRO CARNEIRO - 920 - JARDIM GUILHER            11702220                                                            000008
2SR. CAIXA, APOS O VENCIMENTO COBRAR 10% DE MULTA                                NAO RECEBER APOS 30 DIAS DO VENCIMENTO.                                                                                                                                                                                                         09081700000000000000908170000000000000       0090770900118974000715098930000009
100000000000000000000009077090011897400000000000000000000000010002100007959106103600000000002            2  01795910610325081700000003201530000000001N090817000000000000000000000000000000000000000000000000000000000000000100000677443897JOSE CARLOS CORDEIRO CALADO             RUA HERMOGENES DA SILVA - 190 - VILA OLI            03379150                                                            000011
2SR. CAIXA, APOS O VENCIMENTO COBRAR 10% DE MULTA                                NAO RECEBER APOS 30 DIAS DO VENCIMENTO.                                                                                                                                                                                                         09081700000000000000908170000000000000       0090770900118974079591061036000012
100000000000000000000009077090011897400000000000000000000000010002100008488112108700000000002            2  01848811210825081700000002927700000000001N090817000000000000000000000000000000000000000000000000000000000000000100000796517800WLADIMIR RODRIGUES                      R:JOSE DA SILVA RIBEIRO - 576 AP.233 - B            05726130                                                            000014
2SR. CAIXA, APOS O VENCIMENTO COBRAR 10% DE MULTA                                NAO RECEBER APOS 30 DIAS DO VENCIMENTO.                                                                                                                                                                                                         09081700000000000000908170000000000000       0090770900118974084881121087000015
100000000000000000000009077090011897400000000000000000000000010002100008835116112100000000002            2  01883511611225081700000002829490000000001N090817000000000000000000000000000000000000000000000000000000000000000100077595971853CARLOS EDUARDO RODRIGUES TEIXEIRA       RUA JOSE APARECIDO PAVAN - 423 - PARQUE             13086080                                                            000017
2SR. CAIXA, APOS O VENCIMENTO COBRAR 10% DE MULTA                                NAO RECEBER APOS 30 DIAS DO VENCIMENTO.                                                                                                                                                                                                         09081700000000000000908170000000000000       0090770900118974088351161121000018
100000000000000000000009077090011897400000000000000000000000010002100008921117113100000000002            2  01892111711325081700000002848090000000001N090817000000000000000000000000000000000000000000000000000000000000000100015110751803LILIAN CARRARA DA SILVA CANDIDO         ALAMEDA VICENTE DE CARVALHO - 65 - JARDI            07600000                                                            000020
2SR. CAIXA, APOS O VENCIMENTO COBRAR 10% DE MULTA                                NAO RECEBER APOS 30 DIAS DO VENCIMENTO.                                                                                                                                                                                                         09081700000000000000908170000000000000       0090770900118974089211171131000021
100000000000000000000009077090011897400000000000000000000000010002100009093119115400000000002            2  01909311911525081700000002755000000000001N090817000000000000000000000000000000000000000000000000000000000000000100005204692835RINALDO DA MOTTA                        JOSE CALIXTO DO CARMO - 265 AP.93 - AVIA            11702690                                                            000023
2SR. CAIXA, APOS O VENCIMENTO COBRAR 10% DE MULTA                                NAO RECEBER APOS 30 DIAS DO VENCIMENTO.                                                                                                                                                                                                         09081700000000000000908170000000000000       0090770900118974090931191154000024
100000000000000000000009077090011897400000000000000000000000010002100009354122118300000000002            2  01935412211825081700000002182390000000001N090817000000000000000000000000000000000000000000000000000000000000000100022090439807FELIPE LUCIO LOPES                      RUA JOSE CALIXTO DO CARMO - 265 AP.103 -            11702690                                                            000026
2SR. CAIXA, APOS O VENCIMENTO COBRAR 10% DE MULTA                                NAO RECEBER APOS 30 DIAS DO VENCIMENTO.                                                                                                                                                                                                         09081700000000000000908170000000000000       0090770900118974093541221183000027
100000000000000000000009077090011897400000000000000000000000010002100000962445123600000000002            2  01096244512325081700000002770900000000001N090817000000000000000000000000000000000000000000000000000000000000000100070237824434ANTONIO FERREIRA NETO                   RUA HENRIQUE MINDLIM - 161 - JD. ORIENTA            04349250                                                            000029
2SR. CAIXA, APOS O VENCIMENTO COBRAR 10% DE MULTA                                NAO RECEBER APOS 30 DIAS DO VENCIMENTO.                                                                                                                                                                                                         09081700000000000000908170000000000000       0090770900118974009624451236000030
100000000000000000000009077090011897400000000000000000000000010002100010095131129100000000002            2  01100951311225081700000002866780000000001N090817000000000000000000000000000000000000000000000000000000000000000100005677409863ROSA MARIA OLIVIERI MEMOLI              CONSELHEIRO NEBIAS - 1409 - CAMPOS ELISE            01203002                                                            000032
2SR. CAIXA, APOS O VENCIMENTO COBRAR 10% DE MULTA                                NAO RECEBER APOS 30 DIAS DO VENCIMENTO.                                                                                                                                                                                                         09081700000000000000908170000000000000       0090770900118974100951311291000033
100000000000000000000009077090011897400000000000000000000000010002100010541138137300000000002            2  01105411381325081700000002739480000000001N090817000000000000000000000000000000000000000000000000000000000000000100034771609837MARCELO ALEXANDRE CARVALHO              RUA ECAUNA - 222 - JARDIM UMARIZAL - SAO            05754040                                                            000035
2SR. CAIXA, APOS O VENCIMENTO COBRAR 10% DE MULTA                                NAO RECEBER APOS 30 DIAS DO VENCIMENTO.                                                                                                                                                                                                         09081700000000000000908170000000000000       0090770900118974105411381373000036
100000000000000000000009077090011897400000000000000000000000010002100010654139139300000000002            2  01106541391325081700000006604060000000001N090817000000000000000000000000000000000000000000000000000000000000000100084057904891ANTONIO GONZAGA DOS SANTOS              RUA BRIGADEIRO JOSE FERREIRA - 319 - CAN            11700470                                                            000038
2SR. CAIXA, APOS O VENCIMENTO COBRAR 10% DE MULTA                                NAO RECEBER APOS 30 DIAS DO VENCIMENTO.                                                                                                                                                                                                         09081700000000000000908170000000000000       0090770900118974106541391393000039
100000000000000000000009077090011897400000000000000000000000010002100014197108192400000000002            2  01141971081924081700000001807260000000001N090817000000000000000000000000000000000000000000000000000000000000000100014497915816FERNANDO JOSE ARRUDA                    RUA JOSE CALIXTO DO CARMO - 265 AP.113 -            11702690                                                            000041
2SR. CAIXA, APOS O VENCIMENTO COBRAR 10% DE MULTA                                NAO RECEBER APOS 30 DIAS DO VENCIMENTO.                                                                                                                                                                                                         09081700000000000000908170000000000000       0090770900118974141971081924000042
100000000000000000000009077090011897400000000000000000000000010002100001422687193800000000002            2  01142268719324081700000001363010000000001N090817000000000000000000000000000000000000000000000000000000000000000100027324099874LEONARDO BORGES DUARTE SILVA            RUA JOSE CALIXTO DO CARMO - 265 AP.94 -             11702690                                                            000044
2SR. CAIXA, APOS O VENCIMENTO COBRAR 10% DE MULTA                                NAO RECEBER APOS 30 DIAS DO VENCIMENTO.                                                                                                                                                                                                         09081700000000000000908170000000000000       0090770900118974014226871938000045
100000000000000000000009077090011897400000000000000000000000010002100015296176205400000000002            2  01152961762024081700000001323250000000001N090817000000000000000000000000000000000000000000000000000000000000000100036782058871ANA PAULA BUENO DA COSTA                RUA MARIQUITA ARTACHO - 218 CASA 3 - JAR            03716000                                                            000047
2SR. CAIXA, APOS O VENCIMENTO COBRAR 10% DE MULTA                                NAO RECEBER APOS 30 DIAS DO VENCIMENTO.                                                                                                                                                                                                         09081700000000000000908170000000000000       0090770900118974152961762054000048
9                                                                                                                                                                                                                                                                                                                                                                                                         000049