01REMESSA01COBRANCA       00000000000004991788AIRES DESENVOLVIMENTO IMOBILIA237BRADESCO       010820        MX0000183                                                                                                                                                                                                                                                                                     000001
100000000000000000000009077090011897400000000000000000000000010002100027324008201100000000002            2  01273240082024082000000001783680000000001N010820000000000000000000000000000000000000000000000000000000000000000100027324099874LEONARDO BORGES DUARTE SILVA            RUA JOSE CALIXTO DO CARMO - 265 AP.94 -             11702690                                                            000002
2SR. CAIXA, APOS O VENCIMENTO COBRAR 10% DE MULTA                                NAO RECEBER APOS 30 DIAS DO VENCIMENTO.                                                                                                                                                                                                         01082000000000000000108200000000000000       0090770900118974273240082011000003
100000000000000000000009077090011897400000000000000000000000010002100027300908201700000000002            2  01273009082024082000000001998500000000001N010820000000000000000000000000000000000000000000000000000000000000000100027300953816HOSANA DOS SANTOS MOLEIRO               RUA JOSE CALIXTO DO CARMO - 295 AP.61 -             11702690                                                            000005
2SR. CAIXA, APOS O VENCIMENTO COBRAR 10% DE MULTA                                NAO RECEBER APOS 30 DIAS DO VENCIMENTO.                                                                                                                                                                                                         01082000000000000000108200000000000000       0090770900118974273009082017000006
100000000000000000000009077090011897400000000000000000000000010002100006476008201600000000002            2  01064760082024082000000001717070000000001N010820000000000000000000000000000000000000000000000000000000000000000100006476037803CLAUDIO JOSE LEMOS                      RUA MISSIONS - 127 - VILA BUENOS AIRES -            03736060                                                            000008
2SR. CAIXA, APOS O VENCIMENTO COBRAR 10% DE MULTA                                NAO RECEBER APOS 30 DIAS DO VENCIMENTO.                                                                                                                                                                                                         01082000000000000000108200000000000000       0090770900118974064760082016000009
100000000000000000000009077090011897400000000000000000000000010002100084057908201200000000002            2  01840579082027082000000002000000000000001N010820000000000000000000000000000000000000000000000000000000000000000100084057904891ANTONIO GONZAGA DOS SANTOS              RUA BRIGADEIRO JOSE FERREIRA - 319 - CAN            11700470                                                            000011
2SR. CAIXA, APOS O VENCIMENTO COBRAR 10% DE MULTA                                NAO RECEBER APOS 30 DIAS DO VENCIMENTO.                                                                                                                                                                                                         01082000000000000000108200000000000000       0090770900118974840579082012000012
9                                                                                                                                                                                                                                                                                                                                                                                                         000013