01REMESSA01COBRANCA       00000000000004991454AIRES CONSTRUTORA E INCORPORAD237BRADESCO       010219        MX0000125                                                                                                                                                                                                                                                                                     000001
100000000000000000000009077090001674800000000000000000000000010002100099740402191200000000002            2  01997404021909021900000002896820000000001N010219000000000000000000000000000000000000000000000000000000000000000100099740451853ARNALDO DA SILVA SALES                  RUA ALEGRE - 210 - VILA SAO RAFAEL - GUA            07053100                                                            000002
2SR. CAIXA, APOS O VENCIMENTO COBRAR 10% DE MULTA                                NAO RECEBER APOS 30 DIAS DO VENCIMENTO.                                                                                                                                                                                                         01021900000000000000102190000000000000       0090770900016748997404021912000003
100000000000000000000009077090001674800000000000000000000000010002100049736702191200000000002            2  01497367021909021900000001757800000000001N010219000000000000000000000000000000000000000000000000000000000000000100049736787320RAIMUNDO VIEIRA DA SILVA                RUA BOLIVIA - 81 AP.ZELADORIA - JARDIM G            11701850                                                            000005
2SR. CAIXA, APOS O VENCIMENTO COBRAR 10% DE MULTA                                NAO RECEBER APOS 30 DIAS DO VENCIMENTO.                                                                                                                                                                                                         01021900000000000000102190000000000000       0090770900016748497367021912000006
100000000000000000000009077090001674800000000000000000000000010002100044380702191700000000002            2  01443807021909021900000004672880000000001N010219000000000000000000000000000000000000000000000000000000000000000100044380725812FERNANDO FIRMINO DOS SANTOS             RUA BARAO GERALDO DE RESENDE - 401 - BAI            05205220                                                            000008
2SR. CAIXA, APOS O VENCIMENTO COBRAR 10% DE MULTA                                NAO RECEBER APOS 30 DIAS DO VENCIMENTO.                                                                                                                                                                                                         01021900000000000000102190000000000000       0090770900016748443807021917000009
100000000000000000000009077090001674800000000000000000000000010002100025469402191800000000002            2  01254694021909021900000001454580000000001N010219000000000000000000000000000000000000000000000000000000000000000100025469470873JULIA MARIA RODRIGUES MARTINS           AVENIDA JOAO FIRMINO - 1229 AP.21 - BAIR            09810260                                                            000011
2SR. CAIXA, APOS O VENCIMENTO COBRAR 10% DE MULTA                                NAO RECEBER APOS 30 DIAS DO VENCIMENTO.                                                                                                                                                                                                         01021900000000000000102190000000000000       0090770900016748254694021918000012
100000000000000000000009077090001674800000000000000000000000010002100004759502191900000000002            2  01047595021909021900000003521670000000001N010219000000000000000000000000000000000000000000000000000000000000000100004759534873AGNALDO PORFIRIO DOS SANTOS             RUA JUVENCIO GASPAR DA SILVA - 35 - SAO             04303060                                                            000014
2SR. CAIXA, APOS O VENCIMENTO COBRAR 10% DE MULTA                                NAO RECEBER APOS 30 DIAS DO VENCIMENTO.                                                                                                                                                                                                         01021900000000000000102190000000000000       0090770900016748047595021919000015
100000000000000000000009077090001674800000000000000000000000010002100090830402191200000000002            2  01908304021909021900000001110230000000001N010219000000000000000000000000000000000000000000000000000000000000000100090830490868IVONETE FERNANDES                       AVENIDA FREDERICO OZANAN - 5504 - VILA R            13215276                                                            000017
2SR. CAIXA, APOS O VENCIMENTO COBRAR 10% DE MULTA                                NAO RECEBER APOS 30 DIAS DO VENCIMENTO.                                                                                                                                                                                                         01021900000000000000102190000000000000       0090770900016748908304021912000018
100000000000000000000009077090001674800000000000000000000000010002100003406902191800000000002            2  01034069021909021900000001481730000000001N010219000000000000000000000000000000000000000000000000000000000000000100003406972888RONALDO CANDIDO PANSONATO               AV. DOM JAIME DE BARROS CAMERA - 565 AP.            09895400                                                            000020
2SR. CAIXA, APOS O VENCIMENTO COBRAR 10% DE MULTA                                NAO RECEBER APOS 30 DIAS DO VENCIMENTO.                                                                                                                                                                                                         01021900000000000000102190000000000000       0090770900016748034069021918000021
100000000000000000000009077090001674800000000000000000000000010002100027093902191400000000002            2  01270939021909021900000002752310000000001N010219000000000000000000000000000000000000000000000000000000000000000100027093944809DAVID ALEXANDRE XAVIER ROCHA            RUA MONTE CASTELO - 296 AP.54 - AVIACAO             11702720                                                            000023
2SR. CAIXA, APOS O VENCIMENTO COBRAR 10% DE MULTA                                NAO RECEBER APOS 30 DIAS DO VENCIMENTO.                                                                                                                                                                                                         01021900000000000000102190000000000000       0090770900016748270939021914000024
100000000000000000000009077090001674800000000000000000000000010002100068273202191000000000002            2  01682732021909021900000002003480000000001N010219000000000000000000000000000000000000000000000000000000000000000100068273290891DERNEVAL JOSE MUNIZ                     RUA MARTINOPOLIS - 98 - JARDIM OTAWA - G            07230230                                                            000026
2SR. CAIXA, APOS O VENCIMENTO COBRAR 10% DE MULTA                                NAO RECEBER APOS 30 DIAS DO VENCIMENTO.                                                                                                                                                                                                         01021900000000000000102190000000000000       0090770900016748682732021910000027
100000000000000000000009077090001674800000000000000000000000010002100001817502191300000000002            2  01018175021909021900000001712230000000001N010219000000000000000000000000000000000000000000000000000000000000000100001817534807SANTINA SALVINA SOARES                  RUA CAIAPOS - 1066 AP.43 - VILA TUPI - P            11703320                                                            000029
2SR. CAIXA, APOS O VENCIMENTO COBRAR 10% DE MULTA                                NAO RECEBER APOS 30 DIAS DO VENCIMENTO.                                                                                                                                                                                                         01021900000000000000102190000000000000       0090770900016748018175021913000030
100000000000000000000009077090001674800000000000000000000000010002100086755702191000000000002            2  01867557021909021900000001849780000000001N010219000000000000000000000000000000000000000000000000000000000000000100086755790800GERALDO JAIR BROGLIATTO                 DR.ARMANDO COSTA MAGALHAES - 176 - VILA             13270490                                                            000032
2SR. CAIXA, APOS O VENCIMENTO COBRAR 10% DE MULTA                                NAO RECEBER APOS 30 DIAS DO VENCIMENTO.                                                                                                                                                                                                         01021900000000000000102190000000000000       0090770900016748867557021910000033
100000000000000000000009077090001674800000000000000000000000010002100007996002191400000000002            2  01079960021909021900000001837560000000001N010219000000000000000000000000000000000000000000000000000000000000000100007996062862HENRIQUE SALVADOR                       RUA DARDANELOS - 689 - PARQUE NOVO ORATO            09260060                                                            000035
2SR. CAIXA, APOS O VENCIMENTO COBRAR 10% DE MULTA                                NAO RECEBER APOS 30 DIAS DO VENCIMENTO.                                                                                                                                                                                                         01021900000000000000102190000000000000       0090770900016748079960021914000036
100000000000000000000009077090001674800000000000000000000000010002100010066002191100000000002            2  01100660021909021900000002461700000000001N010219000000000000000000000000000000000000000000000000000000000000000100010066071534MOISES ROQUE DO ROSARIO                 RUA DAS PAPOULAS - 53 - VILA BELA - SAO             03202010                                                            000038
2SR. CAIXA, APOS O VENCIMENTO COBRAR 10% DE MULTA                                NAO RECEBER APOS 30 DIAS DO VENCIMENTO.                                                                                                                                                                                                         01021900000000000000102190000000000000       0090770900016748100660021911000039
100000000000000000000009077090001674800000000000000000000000010002100085910002191200000000002            2  01859100021909021900000002808880000000001N010219000000000000000000000000000000000000000000000000000000000000000100085910031872SERGIO NOGUEIRA                         RUA MONTE CASTELO - 262 AP.55 - AVIACAO             11702720                                                            000041
2SR. CAIXA, APOS O VENCIMENTO COBRAR 10% DE MULTA                                NAO RECEBER APOS 30 DIAS DO VENCIMENTO.                                                                                                                                                                                                         01021900000000000000102190000000000000       0090770900016748859100021912000042
100000000000000000000009077090001674800000000000000000000000010002100000746802191600000000002            2  01007468021909021900000002270880000000001N010219000000000000000000000000000000000000000000000000000000000000000100000746845820ANTONIO CARLOS DE MELLO                 RUA CONGO - 118 - PARQUE MONTE ALEGRE -             06756270                                                            000044
2SR. CAIXA, APOS O VENCIMENTO COBRAR 10% DE MULTA                                NAO RECEBER APOS 30 DIAS DO VENCIMENTO.                                                                                                                                                                                                         01021900000000000000102190000000000000       0090770900016748007468021916000045
100000000000000000000009077090001674800000000000000000000000010002100028196102191100000000002            2  01281961021909021900000001635230000000001N010219000000000000000000000000000000000000000000000000000000000000000100028196184808VANESSA NOGUEIRA CAMBUI DA SILVA        CRISTOVAO COLOMBO - 217 - VILA AMERICA -            09110160                                                            000047
2SR. CAIXA, APOS O VENCIMENTO COBRAR 10% DE MULTA                                NAO RECEBER APOS 30 DIAS DO VENCIMENTO.                                                                                                                                                                                                         01021900000000000000102190000000000000       0090770900016748281961021911000048
100000000000000000000009077090001674800000000000000000000000010002100049730802191700000000002            2  01497308021909021900000001342310000000001N010219000000000000000000000000000000000000000000000000000000000000000100049730835420PEDRO LUIZ DO BOM FIM FILHO             RUA NASCER DO SOL - 91 - BAIRRO PIRAPORI            09951475                                                            000050
2SR. CAIXA, APOS O VENCIMENTO COBRAR 10% DE MULTA                                NAO RECEBER APOS 30 DIAS DO VENCIMENTO.                                                                                                                                                                                                         01021900000000000000102190000000000000       0090770900016748497308021917000051
100000000000000000000009077090001674800000000000000000000000010002100027067002191200000000002            2  01270670021909021900000001665410000000001N010219000000000000000000000000000000000000000000000000000000000000000100027067002893MARCIA NASCIMENTO DE MORAES             RUA MONTE CASTELO - 296 AP.11 - AVIACAO             11702720                                                            000053
2SR. CAIXA, APOS O VENCIMENTO COBRAR 10% DE MULTA                                NAO RECEBER APOS 30 DIAS DO VENCIMENTO.                                                                                                                                                                                                         01021900000000000000102190000000000000       0090770900016748270670021912000054
100000000000000000000009077090001674800000000000000000000000010002100064435702191700000000002            2  01644357021909021900000001665410000000001N010219000000000000000000000000000000000000000000000000000000000000000100064435741849JURACY DA SILVA                         RUA JACARATINGA - 192 - JARDIM PIRAJUCAR            05786120                                                            000056
2SR. CAIXA, APOS O VENCIMENTO COBRAR 10% DE MULTA                                NAO RECEBER APOS 30 DIAS DO VENCIMENTO.                                                                                                                                                                                                         01021900000000000000102190000000000000       0090770900016748644357021917000057
100000000000000000000009077090001674800000000000000000000000010002100094921802191600000000002            2  01949218021909021900000001653010000000001N010219000000000000000000000000000000000000000000000000000000000000000100094921890897JOAO JORGE DA ROSA FILHO                RUA OLAVO EGIDIO DE SOUZA ARANHA - 368 A            03822000                                                            000059
2SR. CAIXA, APOS O VENCIMENTO COBRAR 10% DE MULTA                                NAO RECEBER APOS 30 DIAS DO VENCIMENTO.                                                                                                                                                                                                         01021900000000000000102190000000000000       0090770900016748949218021916000060
100000000000000000000009077090001674800000000000000000000000010002100008364802191200000000002            2  01083648021909021900000002005320000000001N010219000000000000000000000000000000000000000000000000000000000000000100008364834800JOSEFINA CORREA RAMA DOS SANTOS         AVENIDA PRESIDENTE CASTELO BRANCO - 3.78            11702700                                                            000062
2SR. CAIXA, APOS O VENCIMENTO COBRAR 10% DE MULTA                                NAO RECEBER APOS 30 DIAS DO VENCIMENTO.                                                                                                                                                                                                         01021900000000000000102190000000000000       0090770900016748083648021912000063
100000000000000000000009077090001674800000000000000000000000010002100037713302191300000000002            2  01377133021909021900000001640700000000001N010219000000000000000000000000000000000000000000000000000000000000000100037713356800JAMILLE PAULA BUENO LOPES               RUA CURIO (COND.NEW VILLE) - 172 - SURU             06509031                                                            000065
2SR. CAIXA, APOS O VENCIMENTO COBRAR 10% DE MULTA                                NAO RECEBER APOS 30 DIAS DO VENCIMENTO.                                                                                                                                                                                                         01021900000000000000102190000000000000       0090770900016748377133021913000066
100000000000000000000009077090001674800000000000000000000000010002100076207902191100000000002            2  01762079021909021900000002061430000000001N010219000000000000000000000000000000000000000000000000000000000000000100076207943872JOSE MACEDO RICARTE FILHO               RUA ARTUR LOBO - 181 - JARDIM JABAQUARA             04384060                                                            000068
2SR. CAIXA, APOS O VENCIMENTO COBRAR 10% DE MULTA                                NAO RECEBER APOS 30 DIAS DO VENCIMENTO.                                                                                                                                                                                                         01021900000000000000102190000000000000       0090770900016748762079021911000069
100000000000000000000009077090001674800000000000000000000000010002100094672602191400000000002            2  01946726021909021900000002603360000000001N010219000000000000000000000000000000000000000000000000000000000000000100094672660834JOSE HENRIQUE SOARES PEREIRA INACIO     RUA MONTE CASTELO - 296 AP.34 - AVIACAO             11702720                                                            000071
2SR. CAIXA, APOS O VENCIMENTO COBRAR 10% DE MULTA                                NAO RECEBER APOS 30 DIAS DO VENCIMENTO.                                                                                                                                                                                                         01021900000000000000102190000000000000       0090770900016748946726021914000072
100000000000000000000009077090001674800000000000000000000000010002100025265202191500000000002            2  01252652021909021900000001415460000000001N010219000000000000000000000000000000000000000000000000000000000000000100025265260862SONIA MARIA CECILIO DA SILVA            RUA PRESIDENTE TANCREDO NEVES - 1093 AP.            06329350                                                            000074
2SR. CAIXA, APOS O VENCIMENTO COBRAR 10% DE MULTA                                NAO RECEBER APOS 30 DIAS DO VENCIMENTO.                                                                                                                                                                                                         01021900000000000000102190000000000000       0090770900016748252652021915000075
100000000000000000000009077090001674800000000000000000000000010002100011381902191200000000002            2  01113819021909021900000002697840000000001N010219000000000000000000000000000000000000000000000000000000000000000100011381987818MARIO DONIZETE MIGUEL DA SILVA          RUA JASPE - 215 - HIGIANOPOLIS - JANDIRA            06642270                                                            000077
2SR. CAIXA, APOS O VENCIMENTO COBRAR 10% DE MULTA                                NAO RECEBER APOS 30 DIAS DO VENCIMENTO.                                                                                                                                                                                                         01021900000000000000102190000000000000       0090770900016748113819021912000078
9                                                                                                                                                                                                                                                                                                                                                                                                         000079