01REMESSA01COBRANCA       00000000000004991454AIRES CONSTRUTORA E INCORPORAD237BRADESCO       060720        MX0000160                                                                                                                                                                                                                                                                                     000001
100000000000000000000009077090001674800000000000000000000000010002100026984107201600000000002            2  01269841072024072000000001638000000000001N020720000000000000000000000000000000000000000000000000000000000000000100026984181844GISELE APARECIDA MAGALHAES              RUA GRACILIANO RAMOS - 181 - BAIRRO SAO             09581410                                                            000002
2SR. CAIXA, APOS O VENCIMENTO COBRAR 10% DE MULTA                                NAO RECEBER APOS 30 DIAS DO VENCIMENTO.                                                                                                                                                                                                         06072000000000000000607200000000000000       0090770900016748269841072016000003
100000000000000000000009077090001674800000000000000000000000010002100068806207201000000000002            2  01688062072024072000000001453710000000001N020720000000000000000000000000000000000000000000000000000000000000000100068806272853FATIMA MOREIRA SALOMAO                  RUA TORQUATO DE CAMILLO - 84 - CARANDA B            79032031                                                            000005
2SR. CAIXA, APOS O VENCIMENTO COBRAR 10% DE MULTA                                NAO RECEBER APOS 30 DIAS DO VENCIMENTO.                                                                                                                                                                                                         06072000000000000000607200000000000000       0090770900016748688062072010000006
100000000000000000000009077090001674800000000000000000000000010002100004201607201700000000002            2  01042016072024072000000002111380000000001N020720000000000000000000000000000000000000000000000000000000000000000100004201640817SANDRA APARECIDA TOJAL                  AVENIDA MASCOTE - 81 AP.132 BL.A - VILA             04363000                                                            000008
2SR. CAIXA, APOS O VENCIMENTO COBRAR 10% DE MULTA                                NAO RECEBER APOS 30 DIAS DO VENCIMENTO.                                                                                                                                                                                                         06072000000000000000607200000000000000       0090770900016748042016072017000009
100000000000000000000009077090001674800000000000000000000000010002100013184407201500000000002            2  01131844072024072000000002609960000000001N020720000000000000000000000000000000000000000000000000000000000000000100013184404838CLAUDIO GOMES BAHIA                     RUA MARIA CONCEICAO - 89 - VILA SAO PEDR            07032070                                                            000011
2SR. CAIXA, APOS O VENCIMENTO COBRAR 10% DE MULTA                                NAO RECEBER APOS 30 DIAS DO VENCIMENTO.                                                                                                                                                                                                         06072000000000000000607200000000000000       0090770900016748131844072015000012
100000000000000000000009077090001674800000000000000000000000010002100006055507201000000000002            2  01060555072024072000000003952350000000001N020720000000000000000000000000000000000000000000000000000000000000000100006055565803EDSON ALVES                             RUA EDGAR CODAZZI - 49 CASA 02 - CIDADE             08225280                                                            000014
2SR. CAIXA, APOS O VENCIMENTO COBRAR 10% DE MULTA                                NAO RECEBER APOS 30 DIAS DO VENCIMENTO.                                                                                                                                                                                                         06072000000000000000607200000000000000       0090770900016748060555072010000015
100000000000000000000009077090001674800000000000000000000000010002100003441207201900000000002            2  01034412072024072000000002510950000000001N020720000000000000000000000000000000000000000000000000000000000000000100003441232860LUIZ CARLOS CAMARGO BIANCHI             RUA GENERAL LEITE DE CASTRO - 200 - JARD            04182020                                                            000017
2SR. CAIXA, APOS O VENCIMENTO COBRAR 10% DE MULTA                                NAO RECEBER APOS 30 DIAS DO VENCIMENTO.                                                                                                                                                                                                         06072000000000000000607200000000000000       0090770900016748034412072019000018
100000000000000000000009077090001674800000000000000000000000010002100014681407201800000000002            2  01146814072024072000000002604900000000001N020720000000000000000000000000000000000000000000000000000000000000000100014681490830HUMBERTO MOZART CALIXTO                 RUA MONTE CASTELO - 296 AP.41 - AVIACAO             11702720                                                            000020
2SR. CAIXA, APOS O VENCIMENTO COBRAR 10% DE MULTA                                NAO RECEBER APOS 30 DIAS DO VENCIMENTO.                                                                                                                                                                                                         06072000000000000000607200000000000000       0090770900016748146814072018000021
100000000000000000000009077090001674800000000000000000000000010002100006550707201900000000002            2  01065507072024072000000002199110000000001N020720000000000000000000000000000000000000000000000000000000000000000100006550730864IVONE APARECIDA VIEIRA GADI TEIXEIRA    RUA SAO FLORENCIO  - 1500 AP.44 BLOCO 01            03733020                                                            000023
2SR. CAIXA, APOS O VENCIMENTO COBRAR 10% DE MULTA                                NAO RECEBER APOS 30 DIAS DO VENCIMENTO.                                                                                                                                                                                                         06072000000000000000607200000000000000       0090770900016748065507072019000024
100000000000000000000009077090001674800000000000000000000000010002100006550707202700000000002            2  01065507072024072000000002199100000000001N020720000000000000000000000000000000000000000000000000000000000000000100006550730864IVONE APARECIDA VIEIRA GADI TEIXEIRA    RUA SAO FLORENCIO  - 1500 AP.44 BLOCO 01            03733020                                                            000026
2SR. CAIXA, APOS O VENCIMENTO COBRAR 10% DE MULTA                                NAO RECEBER APOS 30 DIAS DO VENCIMENTO.                                                                                                                                                                                                         06072000000000000000607200000000000000       0090770900016748065507072027000027
100000000000000000000009077090001674800000000000000000000000010002100075574007201700000000002            2  01755740072024072000000003404070000000001N020720000000000000000000000000000000000000000000000000000000000000000100075574063891CASSIO TADEU DA SILVEIRA                RUA CONSELHEIRO MOREIRA DE BARROS - 1.55            02430000                                                            000029
2SR. CAIXA, APOS O VENCIMENTO COBRAR 10% DE MULTA                                NAO RECEBER APOS 30 DIAS DO VENCIMENTO.                                                                                                                                                                                                         06072000000000000000607200000000000000       0090770900016748755740072017000030
100000000000000000000009077090001674800000000000000000000000010002100000764607201500000000002            2  01007646072024072000000002517490000000001N020720000000000000000000000000000000000000000000000000000000000000000100000764632817LUIZ CARLOS ANTUNES JUNIOR              RUA MONTE CASTELO - 262 AP.35 - AVIACAO             11702720                                                            000032
2SR. CAIXA, APOS O VENCIMENTO COBRAR 10% DE MULTA                                NAO RECEBER APOS 30 DIAS DO VENCIMENTO.                                                                                                                                                                                                         06072000000000000000607200000000000000       0090770900016748007646072015000033
100000000000000000000009077090001674800000000000000000000000010002100057014507201100000000002            2  01570145072024072000000002857460000000001N020720000000000000000000000000000000000000000000000000000000000000000100057014582887SONIA MARIA DA SILVA PEGORARO           RUA FRANCO PAULISTA  - 80 - AGUA FRIA -             02332030                                                            000035
2SR. CAIXA, APOS O VENCIMENTO COBRAR 10% DE MULTA                                NAO RECEBER APOS 30 DIAS DO VENCIMENTO.                                                                                                                                                                                                         06072000000000000000607200000000000000       0090770900016748570145072011000036
100000000000000000000009077090001674800000000000000000000000010002100006505307201900000000002            2  01065053072024072000000003105780000000001N020720000000000000000000000000000000000000000000000000000000000000000100006505382852LUIS ANTONIO DINIS HENRIQUES            RUA ESTEVAO  BAIAO - 520 AP.93A - CAMPO             04624002                                                            000038
2SR. CAIXA, APOS O VENCIMENTO COBRAR 10% DE MULTA                                NAO RECEBER APOS 30 DIAS DO VENCIMENTO.                                                                                                                                                                                                         06072000000000000000607200000000000000       0090770900016748065053072019000039
100000000000000000000009077090001674800000000000000000000000010002100011544707201100000000002            2  01115447072024072000000005642040000000001N020720000000000000000000000000000000000000000000000000000000000000000100011544777620GRACIELY RODRIGUES FERNANDES            RUA MONTE CASTELO - 262 AP.111 - AVIACAO            11702720                                                            000041
2SR. CAIXA, APOS O VENCIMENTO COBRAR 10% DE MULTA                                NAO RECEBER APOS 30 DIAS DO VENCIMENTO.                                                                                                                                                                                                         06072000000000000000607200000000000000       0090770900016748115447072011000042
100000000000000000000009077090001674800000000000000000000000010002100005629007201600000000002            2  01056290072024072000000004103440000000001N020720000000000000000000000000000000000000000000000000000000000000000100005629087819ROMILDO MARTINS PIZA                    RUA MAESTRO ARTURO DE ANGELIS - 190 AP.3            05139010                                                            000044
2SR. CAIXA, APOS O VENCIMENTO COBRAR 10% DE MULTA                                NAO RECEBER APOS 30 DIAS DO VENCIMENTO.                                                                                                                                                                                                         06072000000000000000607200000000000000       0090770900016748056290072016000045
100000000000000000000009077090001674800000000000000000000000010002100034325507201000000000002            2  01343255072024072000000002070760000000001N020720000000000000000000000000000000000000000000000000000000000000000100034325567801LUIZ FERNANDO ALAMINO                   RUA GALDINO NASCIMENTO - 45 - PARQUE GUA            08431650                                                            000047
2SR. CAIXA, APOS O VENCIMENTO COBRAR 10% DE MULTA                                NAO RECEBER APOS 30 DIAS DO VENCIMENTO.                                                                                                                                                                                                         06072000000000000000607200000000000000       0090770900016748343255072010000048
100000000000000000000009077090001674800000000000000000000000010002100021335407201300000000002            2  01213354072024072000000006026940000000001N020720000000000000000000000000000000000000000000000000000000000000000100021335464808RAQUEL FERREIRA RAMOS                   RUA ANTONIO SEVERIANO DE ANDRADE E SILVA            11702400                                                            000050
2SR. CAIXA, APOS O VENCIMENTO COBRAR 10% DE MULTA                                NAO RECEBER APOS 30 DIAS DO VENCIMENTO.                                                                                                                                                                                                         06072000000000000000607200000000000000       0090770900016748213354072013000051
100000000000000000000009077090001674800000000000000000000000010002100021335407202100000000002            2  01213354072024072000000001567020000000001N020720000000000000000000000000000000000000000000000000000000000000000100021335464808RAQUEL FERREIRA RAMOS                   RUA ANTONIO SEVERIANO DE ANDRADE E SILVA            11702400                                                            000053
2SR. CAIXA, APOS O VENCIMENTO COBRAR 10% DE MULTA                                NAO RECEBER APOS 30 DIAS DO VENCIMENTO.                                                                                                                                                                                                         06072000000000000000607200000000000000       0090770900016748213354072021000054
100000000000000000000009077090001674800000000000000000000000010002100005627907201200000000002            2  01056279072024072000000001837490000000001N020720000000000000000000000000000000000000000000000000000000000000000100005627947861FERNANDO CESAR MARCELINO                TRAVESSA CHARLES LEBRUN - 83 - VILA NOVA            02312060                                                            000056
2SR. CAIXA, APOS O VENCIMENTO COBRAR 10% DE MULTA                                NAO RECEBER APOS 30 DIAS DO VENCIMENTO.                                                                                                                                                                                                         06072000000000000000607200000000000000       0090770900016748056279072012000057
100000000000000000000009077090001674800000000000000000000000010002100026187907201900000000002            2  01261879072024072000000001917460000000001N020720000000000000000000000000000000000000000000000000000000000000000100026187960807CARINA CANTACESSO DE SOUZA              RUA MONTE CASTELO - 296 AP.91 - AVIACAO             11702720                                                            000059
2SR. CAIXA, APOS O VENCIMENTO COBRAR 10% DE MULTA                                NAO RECEBER APOS 30 DIAS DO VENCIMENTO.                                                                                                                                                                                                         06072000000000000000607200000000000000       0090770900016748261879072019000060
100000000000000000000009077090001674800000000000000000000000010002100004864907201400000000002            2  01048649072024072000000002562760000000001N020720000000000000000000000000000000000000000000000000000000000000000100004864924600RENATO SANTACHIARA SALVADORI            RUA PENSYLVANIA - 116 - PAYSAGE BRISE -             06730000                                                            000062
2SR. CAIXA, APOS O VENCIMENTO COBRAR 10% DE MULTA                                NAO RECEBER APOS 30 DIAS DO VENCIMENTO.                                                                                                                                                                                                         06072000000000000000607200000000000000       0090770900016748048649072014000063
100000000000000000000009077090001674800000000000000000000000010002100026647607201000000000002            2  01266476072024072000000002838610000000001N020720000000000000000000000000000000000000000000000000000000000000000100026647690816CLAUDIA FUKUDA OGATA BURATTO            RUA MONTE CASTELO - 262 AP.32 - AVIACAO             11702720                                                            000065
2SR. CAIXA, APOS O VENCIMENTO COBRAR 10% DE MULTA                                NAO RECEBER APOS 30 DIAS DO VENCIMENTO.                                                                                                                                                                                                         06072000000000000000607200000000000000       0090770900016748266476072010000066
100000000000000000000009077090001674800000000000000000000000010002100015762807201800000000002            2  01157628072024072000000001585360000000001N020720000000000000000000000000000000000000000000000000000000000000000100015762856852SANDRA DE OLIVEIRA                      RUA MONTE CASTELO - 262 AP.62 - AVIACAO             11702720                                                            000068
2SR. CAIXA, APOS O VENCIMENTO COBRAR 10% DE MULTA                                NAO RECEBER APOS 30 DIAS DO VENCIMENTO.                                                                                                                                                                                                         06072000000000000000607200000000000000       0090770900016748157628072018000069
100000000000000000000009077090001674800000000000000000000000010002100021899207201400000000002            2  01218992072024072000000001768760000000001N020720000000000000000000000000000000000000000000000000000000000000000100021899277811ALESSANDRE ALVES ANDRADE                RUA MONTE CASTELO - 262 AP.132 - AVIACAO            11702720                                                            000071
2SR. CAIXA, APOS O VENCIMENTO COBRAR 10% DE MULTA                                NAO RECEBER APOS 30 DIAS DO VENCIMENTO.                                                                                                                                                                                                         06072000000000000000607200000000000000       0090770900016748218992072014000072
100000000000000000000009077090001674800000000000000000000000010002100031959407201300000000002            2  01319594072024072000000002129910000000001N020720000000000000000000000000000000000000000000000000000000000000000100031959406809RITA SIMAO ROCHA                        RUA MONTE CASTELO - 296 AP.62 - AVIACAO             11702720                                                            000074
2SR. CAIXA, APOS O VENCIMENTO COBRAR 10% DE MULTA                                NAO RECEBER APOS 30 DIAS DO VENCIMENTO.                                                                                                                                                                                                         06072000000000000000607200000000000000       0090770900016748319594072013000075
9                                                                                                                                                                                                                                                                                                                                                                                                         000076