01REMESSA01COBRANCA       00000000000004991781AIRES CONSTRUTORA E INCORPORAD237BRADESCO       100217        MX0000064                                                                                                                                                                                                                                                                                     000001
100000000000000000000009077090006612500000000000000000000000010002100014293125122P00000000002            2  01142931251214021700000000027710000000099N100217000000000000000000000000000000000000000000000000000000000000000100002252149892AIRES MOTA DOS SANTOS                   AV. BRASIL - 600 SALA 1009 - BOQUEIRAO -            11701090                                                            000002
2SR. CAIXA, APOS O VENCIMENTO COBRAR 10% DE MULTA                                NAO RECEBER APOS 30 DIAS DO VENCIMENTO.                                                                                                                                                                                                         10021700000000000001002170000000000000       009077090006612514293125122P000003
9                                                                                                                                                                                                                                                                                                                                                                                                         000004