01REMESSA01COBRANCA       00000000000004991454AIRES CONSTRUTORA E INCORPORAD237BRADESCO       010320        MX0000151                                                                                                                                                                                                                                                                                     000001
100000000000000000000009077090001674800000000000000000000000010002100099740403201900000000002            2  01997404032009032000000003192320000000001N010320000000000000000000000000000000000000000000000000000000000000000100099740451853ARNALDO DA SILVA SALES                  RUA ALEGRE - 210 - VILA SAO RAFAEL - GUA            07053100                                                            000002
2SR. CAIXA, APOS O VENCIMENTO COBRAR 10% DE MULTA                                NAO RECEBER APOS 30 DIAS DO VENCIMENTO.                                                                                                                                                                                                         01032000000000000000103200000000000000       0090770900016748997404032019000003
100000000000000000000009077090001674800000000000000000000000010002100044380703201300000000002            2  01443807032009032000000005149560000000001N010320000000000000000000000000000000000000000000000000000000000000000100044380725812FERNANDO FIRMINO DOS SANTOS             RUA BARAO GERALDO DE RESENDE - 401 - BAI            05205220                                                            000005
2SR. CAIXA, APOS O VENCIMENTO COBRAR 10% DE MULTA                                NAO RECEBER APOS 30 DIAS DO VENCIMENTO.                                                                                                                                                                                                         01032000000000000000103200000000000000       0090770900016748443807032013000006
100000000000000000000009077090001674800000000000000000000000010002100025469403201400000000002            2  01254694032009032000000001602960000000001N010320000000000000000000000000000000000000000000000000000000000000000100025469470873JULIA MARIA RODRIGUES MARTINS           AVENIDA JOAO FIRMINO - 1229 AP.21 - BAIR            09810260                                                            000008
2SR. CAIXA, APOS O VENCIMENTO COBRAR 10% DE MULTA                                NAO RECEBER APOS 30 DIAS DO VENCIMENTO.                                                                                                                                                                                                         01032000000000000000103200000000000000       0090770900016748254694032014000009
100000000000000000000009077090001674800000000000000000000000010002100004759503201500000000002            2  01047595032009032000000003880910000000001N010320000000000000000000000000000000000000000000000000000000000000000100004759534873AGNALDO PORFIRIO DOS SANTOS             RUA JUVENCIO GASPAR DA SILVA - 35 - SAO             04303060                                                            000011
2SR. CAIXA, APOS O VENCIMENTO COBRAR 10% DE MULTA                                NAO RECEBER APOS 30 DIAS DO VENCIMENTO.                                                                                                                                                                                                         01032000000000000000103200000000000000       0090770900016748047595032015000012
100000000000000000000009077090001674800000000000000000000000010002100090830403201900000000002            2  01908304032009032000000001223490000000001N010320000000000000000000000000000000000000000000000000000000000000000100090830490868IVONETE FERNANDES                       AVENIDA FREDERICO OZANAN - 5504 - VILA R            13215276                                                            000014
2SR. CAIXA, APOS O VENCIMENTO COBRAR 10% DE MULTA                                NAO RECEBER APOS 30 DIAS DO VENCIMENTO.                                                                                                                                                                                                         01032000000000000000103200000000000000       0090770900016748908304032019000015
100000000000000000000009077090001674800000000000000000000000010002100027093903201000000000002            2  01270939032009032000000003033070000000001N010320000000000000000000000000000000000000000000000000000000000000000100027093944809DAVID ALEXANDRE XAVIER ROCHA            RUA MONTE CASTELO - 296 AP.54 - AVIACAO             11702720                                                            000017
2SR. CAIXA, APOS O VENCIMENTO COBRAR 10% DE MULTA                                NAO RECEBER APOS 30 DIAS DO VENCIMENTO.                                                                                                                                                                                                         01032000000000000000103200000000000000       0090770900016748270939032010000018
100000000000000000000009077090001674800000000000000000000000010002100068273203201700000000002            2  01682732032009032000000002207860000000001N010320000000000000000000000000000000000000000000000000000000000000000100068273290891DERNEVAL JOSE MUNIZ                     RUA MARTINOPOLIS - 98 - JARDIM OTAWA - G            07230230                                                            000020
2SR. CAIXA, APOS O VENCIMENTO COBRAR 10% DE MULTA                                NAO RECEBER APOS 30 DIAS DO VENCIMENTO.                                                                                                                                                                                                         01032000000000000000103200000000000000       0090770900016748682732032017000021
100000000000000000000009077090001674800000000000000000000000010002100001817503201P00000000002            2  01018175032009032000000001886890000000001N010320000000000000000000000000000000000000000000000000000000000000000100001817534807SANTINA SALVINA SOARES                  RUA CAIAPOS - 1066 AP.43 - VILA TUPI - P            11703320                                                            000023
2SR. CAIXA, APOS O VENCIMENTO COBRAR 10% DE MULTA                                NAO RECEBER APOS 30 DIAS DO VENCIMENTO.                                                                                                                                                                                                         01032000000000000000103200000000000000       009077090001674801817503201P000024
100000000000000000000009077090001674800000000000000000000000010002100086755703201700000000002            2  01867557032009032000000002038470000000001N010320000000000000000000000000000000000000000000000000000000000000000100086755790800GERALDO JAIR BROGLIATTO                 DR.ARMANDO COSTA MAGALHAES - 176 - VILA             13270490                                                            000026
2SR. CAIXA, APOS O VENCIMENTO COBRAR 10% DE MULTA                                NAO RECEBER APOS 30 DIAS DO VENCIMENTO.                                                                                                                                                                                                         01032000000000000000103200000000000000       0090770900016748867557032017000027
100000000000000000000009077090001674800000000000000000000000010002100007996003201000000000002            2  01079960032009032000000002025000000000001N010320000000000000000000000000000000000000000000000000000000000000000100007996062862HENRIQUE SALVADOR                       RUA DARDANELOS - 689 - PARQUE NOVO ORATO            09260060                                                            000029
2SR. CAIXA, APOS O VENCIMENTO COBRAR 10% DE MULTA                                NAO RECEBER APOS 30 DIAS DO VENCIMENTO.                                                                                                                                                                                                         01032000000000000000103200000000000000       0090770900016748079960032010000030
100000000000000000000009077090001674800000000000000000000000010002100010066003201800000000002            2  01100660032009032000000002712810000000001N010320000000000000000000000000000000000000000000000000000000000000000100010066071534MOISES ROQUE DO ROSARIO                 RUA DAS PAPOULAS - 53 - VILA BELA - SAO             03202010                                                            000032
2SR. CAIXA, APOS O VENCIMENTO COBRAR 10% DE MULTA                                NAO RECEBER APOS 30 DIAS DO VENCIMENTO.                                                                                                                                                                                                         01032000000000000000103200000000000000       0090770900016748100660032018000033
100000000000000000000009077090001674800000000000000000000000010002100085910003201900000000002            2  01859100032009032000000003095400000000001N010320000000000000000000000000000000000000000000000000000000000000000100085910031872SERGIO NOGUEIRA                         RUA MONTE CASTELO - 262 AP.55 - AVIACAO             11702720                                                            000035
2SR. CAIXA, APOS O VENCIMENTO COBRAR 10% DE MULTA                                NAO RECEBER APOS 30 DIAS DO VENCIMENTO.                                                                                                                                                                                                         01032000000000000000103200000000000000       0090770900016748859100032019000036
100000000000000000000009077090001674800000000000000000000000010002100000746803201200000000002            2  01007468032009032000000002502540000000001N010320000000000000000000000000000000000000000000000000000000000000000100000746845820ANTONIO CARLOS DE MELLO                 RUA CONGO - 118 - PARQUE MONTE ALEGRE -             06756270                                                            000038
2SR. CAIXA, APOS O VENCIMENTO COBRAR 10% DE MULTA                                NAO RECEBER APOS 30 DIAS DO VENCIMENTO.                                                                                                                                                                                                         01032000000000000000103200000000000000       0090770900016748007468032012000039
100000000000000000000009077090001674800000000000000000000000010002100028196103201800000000002            2  01281961032009032000000001802040000000001N010320000000000000000000000000000000000000000000000000000000000000000100028196184808VANESSA NOGUEIRA CAMBUI DA SILVA        CRISTOVAO COLOMBO - 217 - VILA AMERICA -            09110160                                                            000041
2SR. CAIXA, APOS O VENCIMENTO COBRAR 10% DE MULTA                                NAO RECEBER APOS 30 DIAS DO VENCIMENTO.                                                                                                                                                                                                         01032000000000000000103200000000000000       0090770900016748281961032018000042
100000000000000000000009077090001674800000000000000000000000010002100049730803201300000000002            2  01497308032009032000000001479250000000001N010320000000000000000000000000000000000000000000000000000000000000000100049730835420PEDRO LUIZ DO BOM FIM FILHO             RUA NASCER DO SOL - 91 - BAIRRO PIRAPORI            09951475                                                            000044
2SR. CAIXA, APOS O VENCIMENTO COBRAR 10% DE MULTA                                NAO RECEBER APOS 30 DIAS DO VENCIMENTO.                                                                                                                                                                                                         01032000000000000000103200000000000000       0090770900016748497308032013000045
100000000000000000000009077090001674800000000000000000000000010002100027067003201900000000002            2  01270670032009032000000001835290000000001N010320000000000000000000000000000000000000000000000000000000000000000100027067002893MARCIA NASCIMENTO DE MORAES             RUA MONTE CASTELO - 296 AP.11 - AVIACAO             11702720                                                            000047
2SR. CAIXA, APOS O VENCIMENTO COBRAR 10% DE MULTA                                NAO RECEBER APOS 30 DIAS DO VENCIMENTO.                                                                                                                                                                                                         01032000000000000000103200000000000000       0090770900016748270670032019000048
100000000000000000000009077090001674800000000000000000000000010002100064435703201300000000002            2  01644357032009032000000001835290000000001N010320000000000000000000000000000000000000000000000000000000000000000100064435741849JURACY DA SILVA                         RUA JACARATINGA - 192 - JARDIM PIRAJUCAR            05786120                                                            000050
2SR. CAIXA, APOS O VENCIMENTO COBRAR 10% DE MULTA                                NAO RECEBER APOS 30 DIAS DO VENCIMENTO.                                                                                                                                                                                                         01032000000000000000103200000000000000       0090770900016748644357032013000051
100000000000000000000009077090001674800000000000000000000000010002100094921803201200000000002            2  01949218032009032000000001821630000000001N010320000000000000000000000000000000000000000000000000000000000000000100094921890897JOAO JORGE DA ROSA FILHO                RUA OLAVO EGIDIO DE SOUZA ARANHA - 368 A            03822000                                                            000053
2SR. CAIXA, APOS O VENCIMENTO COBRAR 10% DE MULTA                                NAO RECEBER APOS 30 DIAS DO VENCIMENTO.                                                                                                                                                                                                         01032000000000000000103200000000000000       0090770900016748949218032012000054
100000000000000000000009077090001674800000000000000000000000010002100008364803201900000000002            2  01083648032009032000000002209900000000001N010320000000000000000000000000000000000000000000000000000000000000000100008364834800JOSEFINA CORREA RAMA DOS SANTOS         AVENIDA PRESIDENTE CASTELO BRANCO - 3.78            11702700                                                            000056
2SR. CAIXA, APOS O VENCIMENTO COBRAR 10% DE MULTA                                NAO RECEBER APOS 30 DIAS DO VENCIMENTO.                                                                                                                                                                                                         01032000000000000000103200000000000000       0090770900016748083648032019000057
100000000000000000000009077090001674800000000000000000000000010002100037713303201P00000000002            2  01377133032009032000000001808070000000001N010320000000000000000000000000000000000000000000000000000000000000000100037713356800JAMILLE PAULA BUENO LOPES               RUA CURIO (COND.NEW VILLE) - 172 - SURU             06509031                                                            000059
2SR. CAIXA, APOS O VENCIMENTO COBRAR 10% DE MULTA                                NAO RECEBER APOS 30 DIAS DO VENCIMENTO.                                                                                                                                                                                                         01032000000000000000103200000000000000       009077090001674837713303201P000060
100000000000000000000009077090001674800000000000000000000000010002100027100903201700000000002            2  01271009032009032000000002106420000000001N010320000000000000000000000000000000000000000000000000000000000000000100027100951810MARCIA RAMALHO RODRIGUES                RUA MONTE CASTELO - 296 AP.82 - AVIACAO             11702720                                                            000062
2SR. CAIXA, APOS O VENCIMENTO COBRAR 10% DE MULTA                                NAO RECEBER APOS 30 DIAS DO VENCIMENTO.                                                                                                                                                                                                         01032000000000000000103200000000000000       0090770900016748271009032017000063
100000000000000000000009077090001674800000000000000000000000010002100076207903201800000000002            2  01762079032009032000000002271720000000001N010320000000000000000000000000000000000000000000000000000000000000000100076207943872JOSE MACEDO RICARTE FILHO               RUA ARTUR LOBO - 181 - JARDIM JABAQUARA             04384060                                                            000065
2SR. CAIXA, APOS O VENCIMENTO COBRAR 10% DE MULTA                                NAO RECEBER APOS 30 DIAS DO VENCIMENTO.                                                                                                                                                                                                         01032000000000000000103200000000000000       0090770900016748762079032018000066
100000000000000000000009077090001674800000000000000000000000010002100094672603201000000000002            2  01946726032009032000000002868940000000001N010320000000000000000000000000000000000000000000000000000000000000000100094672660834JOSE HENRIQUE SOARES PEREIRA INACIO     RUA MONTE CASTELO - 296 AP.34 - AVIACAO             11702720                                                            000068
2SR. CAIXA, APOS O VENCIMENTO COBRAR 10% DE MULTA                                NAO RECEBER APOS 30 DIAS DO VENCIMENTO.                                                                                                                                                                                                         01032000000000000000103200000000000000       0090770900016748946726032010000069
100000000000000000000009077090001674800000000000000000000000010002100025265203201100000000002            2  01252652032009032000000001559870000000001N010320000000000000000000000000000000000000000000000000000000000000000100025265260862SONIA MARIA CECILIO DA SILVA            RUA PRESIDENTE TANCREDO NEVES - 1093 AP.            06329350                                                            000071
2SR. CAIXA, APOS O VENCIMENTO COBRAR 10% DE MULTA                                NAO RECEBER APOS 30 DIAS DO VENCIMENTO.                                                                                                                                                                                                         01032000000000000000103200000000000000       0090770900016748252652032011000072
100000000000000000000009077090001674800000000000000000000000010002100011381903201900000000002            2  01113819032009032000000002973040000000001N010320000000000000000000000000000000000000000000000000000000000000000100011381987818MARIO DONIZETE MIGUEL DA SILVA          RUA JASPE - 215 - HIGIANOPOLIS - JANDIRA            06642270                                                            000074
2SR. CAIXA, APOS O VENCIMENTO COBRAR 10% DE MULTA                                NAO RECEBER APOS 30 DIAS DO VENCIMENTO.                                                                                                                                                                                                         01032000000000000000103200000000000000       0090770900016748113819032019000075
100000000000000000000009077090001674800000000000000000000000010002100020105503201500000000002            2  01201055032009032000000002409900000000001N010320000000000000000000000000000000000000000000000000000000000000000100020105503827VALTER DE SOUSA LIBARINO FILHO          RUA DAS PAINEIRAS - 140 - BAIRRO LARANJE            07741205                                                            000077
2SR. CAIXA, APOS O VENCIMENTO COBRAR 10% DE MULTA                                NAO RECEBER APOS 30 DIAS DO VENCIMENTO.                                                                                                                                                                                                         01032000000000000000103200000000000000       0090770900016748201055032015000078
100000000000000000000009077090001674800000000000000000000000010002100003010503201200000000002            2  01030105032009032000000002603900000000001N010320000000000000000000000000000000000000000000000000000000000000000100003010502877GIZELA VIEIRA BARROS                    RUA GIACOMO DALCIN - 157 - NOVA GERTY -             09580350                                                            000080
2SR. CAIXA, APOS O VENCIMENTO COBRAR 10% DE MULTA                                NAO RECEBER APOS 30 DIAS DO VENCIMENTO.                                                                                                                                                                                                         01032000000000000000103200000000000000       0090770900016748030105032012000081
100000000000000000000009077090001674800000000000000000000000010002100036712503201300000000002            2  01367125032009032000000001939680000000001N010320000000000000000000000000000000000000000000000000000000000000000100036712580803WALTER BARRETO DE ALMEIDA               RUA MONTE CASTELO - 296 AP.44 - AVIACAO             11702720                                                            000083
2SR. CAIXA, APOS O VENCIMENTO COBRAR 10% DE MULTA                                NAO RECEBER APOS 30 DIAS DO VENCIMENTO.                                                                                                                                                                                                         01032000000000000000103200000000000000       0090770900016748367125032013000084
100000000000000000000009077090001674800000000000000000000000010002100004213003201700000000002            2  01042130032009032000000001895170000000001N010320000000000000000000000000000000000000000000000000000000000000000100004213020894ELIETE DRUGOVICH DE LIMA                RUA OSVALDO CRUZ - 141 AP.144-B - SANTA             09541270                                                            000086
2SR. CAIXA, APOS O VENCIMENTO COBRAR 10% DE MULTA                                NAO RECEBER APOS 30 DIAS DO VENCIMENTO.                                                                                                                                                                                                         01032000000000000000103200000000000000       0090770900016748042130032017000087
9                                                                                                                                                                                                                                                                                                                                                                                                         000088