01REMESSA01COBRANCA       00000000000004991454AIRES CONSTRUTORA E INCORPORAD237BRADESCO       010718        MX0000111                                                                                                                                                                                                                                                                                     000001
100000000000000000000009077090001674800000000000000000000000010002100099740407181200000000002            2  01997404071809071800000002749210000000001N010718000000000000000000000000000000000000000000000000000000000000000100099740451853ARNALDO DA SILVA SALES                  RUA ALEGRE - 210 - VILA SAO RAFAEL - GUA            07053100                                                            000002
2SR. CAIXA, APOS O VENCIMENTO COBRAR 10% DE MULTA                                NAO RECEBER APOS 30 DIAS DO VENCIMENTO.                                                                                                                                                                                                         01071800000000000000107180000000000000       0090770900016748997404071812000003
100000000000000000000009077090001674800000000000000000000000010002100049736707181200000000002            2  01497367071809071800000001668210000000001N010718000000000000000000000000000000000000000000000000000000000000000100049736787320RAIMUNDO VIEIRA DA SILVA                RUA BOLIVIA - 81 AP.ZELADORIA - JARDIM G            11701850                                                            000005
2SR. CAIXA, APOS O VENCIMENTO COBRAR 10% DE MULTA                                NAO RECEBER APOS 30 DIAS DO VENCIMENTO.                                                                                                                                                                                                         01071800000000000000107180000000000000       0090770900016748497367071812000006
100000000000000000000009077090001674800000000000000000000000010002100044380707181700000000002            2  01443807071809071800000004434750000000001N010718000000000000000000000000000000000000000000000000000000000000000100044380725812FERNANDO FIRMINO DOS SANTOS             RUA BARAO GERALDO DE RESENDE - 401 - BAI            05205220                                                            000008
2SR. CAIXA, APOS O VENCIMENTO COBRAR 10% DE MULTA                                NAO RECEBER APOS 30 DIAS DO VENCIMENTO.                                                                                                                                                                                                         01071800000000000000107180000000000000       0090770900016748443807071817000009
100000000000000000000009077090001674800000000000000000000000010002100025469407181800000000002            2  01254694071809071800000001380450000000001N010718000000000000000000000000000000000000000000000000000000000000000100025469470873JULIA MARIA RODRIGUES MARTINS           AVENIDA JOAO FIRMINO - 1229 AP.21 - BAIR            09810260                                                            000011
2SR. CAIXA, APOS O VENCIMENTO COBRAR 10% DE MULTA                                NAO RECEBER APOS 30 DIAS DO VENCIMENTO.                                                                                                                                                                                                         01071800000000000000107180000000000000       0090770900016748254694071818000012
100000000000000000000009077090001674800000000000000000000000010002100004759507181900000000002            2  01047595071809071800000003342210000000001N010718000000000000000000000000000000000000000000000000000000000000000100004759534873AGNALDO PORFIRIO DOS SANTOS             RUA JUVENCIO GASPAR DA SILVA - 35 - SAO             04303060                                                            000014
2SR. CAIXA, APOS O VENCIMENTO COBRAR 10% DE MULTA                                NAO RECEBER APOS 30 DIAS DO VENCIMENTO.                                                                                                                                                                                                         01071800000000000000107180000000000000       0090770900016748047595071819000015
100000000000000000000009077090001674800000000000000000000000010002100014924007181500000000002            2  01149240071809071800000001801150000000001N010718000000000000000000000000000000000000000000000000000000000000000100014924049859KATIA REGINA DE OLIVEIRA SILVA          RUA ANTONIO SIMIONATO - 73 AP.14 - SANTA            09780180                                                            000017
2SR. CAIXA, APOS O VENCIMENTO COBRAR 10% DE MULTA                                NAO RECEBER APOS 30 DIAS DO VENCIMENTO.                                                                                                                                                                                                         01071800000000000000107180000000000000       0090770900016748149240071815000018
100000000000000000000009077090001674800000000000000000000000010002100090830407181200000000002            2  01908304071809071800000001053670000000001N010718000000000000000000000000000000000000000000000000000000000000000100090830490868IVONETE FERNANDES                       AVENIDA FREDERICO OZANAN - 5504 - VILA R            13215276                                                            000020
2SR. CAIXA, APOS O VENCIMENTO COBRAR 10% DE MULTA                                NAO RECEBER APOS 30 DIAS DO VENCIMENTO.                                                                                                                                                                                                         01071800000000000000107180000000000000       0090770900016748908304071812000021
100000000000000000000009077090001674800000000000000000000000010002100027093907181400000000002            2  01270939071809071800000002612050000000001N010718000000000000000000000000000000000000000000000000000000000000000100027093944809DAVID ALEXANDRE XAVIER ROCHA            RUA MONTE CASTELO - 296 AP.54 - AVIACAO             11702720                                                            000023
2SR. CAIXA, APOS O VENCIMENTO COBRAR 10% DE MULTA                                NAO RECEBER APOS 30 DIAS DO VENCIMENTO.                                                                                                                                                                                                         01071800000000000000107180000000000000       0090770900016748270939071814000024
100000000000000000000009077090001674800000000000000000000000010002100068273207181000000000002            2  01682732071809071800000001901390000000001N010718000000000000000000000000000000000000000000000000000000000000000100068273290891DERNEVAL JOSE MUNIZ                     RUA MARTINOPOLIS - 98 - JARDIM OTAWA - G            07230230                                                            000026
2SR. CAIXA, APOS O VENCIMENTO COBRAR 10% DE MULTA                                NAO RECEBER APOS 30 DIAS DO VENCIMENTO.                                                                                                                                                                                                         01071800000000000000107180000000000000       0090770900016748682732071810000027
100000000000000000000009077090001674800000000000000000000000010002100001817507181300000000002            2  01018175071809071800000001624970000000001N010718000000000000000000000000000000000000000000000000000000000000000100001817534807SANTINA SALVINA SOARES                  RUA CAIAPOS - 1066 AP.43 - VILA TUPI - P            11703320                                                            000029
2SR. CAIXA, APOS O VENCIMENTO COBRAR 10% DE MULTA                                NAO RECEBER APOS 30 DIAS DO VENCIMENTO.                                                                                                                                                                                                         01071800000000000000107180000000000000       0090770900016748018175071813000030
100000000000000000000009077090001674800000000000000000000000010002100086755707181000000000002            2  01867557071809071800000001755510000000001N010718000000000000000000000000000000000000000000000000000000000000000100086755790800GERALDO JAIR BROGLIATTO                 DR.ARMANDO COSTA MAGALHAES - 176 - VILA             13270490                                                            000032
2SR. CAIXA, APOS O VENCIMENTO COBRAR 10% DE MULTA                                NAO RECEBER APOS 30 DIAS DO VENCIMENTO.                                                                                                                                                                                                         01071800000000000000107180000000000000       0090770900016748867557071810000033
100000000000000000000009077090001674800000000000000000000000010002100013191207181200000000002            2  01131912071811071800000001800000000000001N010718000000000000000000000000000000000000000000000000000000000000000100013191291881MARCELO RICARDO MASCAROS SOUTO          RUA MONTE CASTELO - 295 AP.102 - AVIACAO            11702720                                                            000035
2SR. CAIXA, APOS O VENCIMENTO COBRAR 10% DE MULTA                                NAO RECEBER APOS 30 DIAS DO VENCIMENTO.                                                                                                                                                                                                         01071800000000000000107180000000000000       0090770900016748131912071812000036
100000000000000000000009077090001674800000000000000000000000010002100007996007181400000000002            2  01079960071809071800000001743900000000001N010718000000000000000000000000000000000000000000000000000000000000000100007996062862HENRIQUE SALVADOR                       RUA DARDANELOS - 689 - PARQUE NOVO ORATO            09260060                                                            000038
2SR. CAIXA, APOS O VENCIMENTO COBRAR 10% DE MULTA                                NAO RECEBER APOS 30 DIAS DO VENCIMENTO.                                                                                                                                                                                                         01071800000000000000107180000000000000       0090770900016748079960071814000039
100000000000000000000009077090001674800000000000000000000000010002100010066007181100000000002            2  01100660071809071800000002336250000000001N010718000000000000000000000000000000000000000000000000000000000000000100010066071534MOISES ROQUE DO ROSARIO                 RUA DAS PAPOULAS - 53 - VILA BELA - SAO             03202010                                                            000041
2SR. CAIXA, APOS O VENCIMENTO COBRAR 10% DE MULTA                                NAO RECEBER APOS 30 DIAS DO VENCIMENTO.                                                                                                                                                                                                         01071800000000000000107180000000000000       0090770900016748100660071811000042
100000000000000000000009077090001674800000000000000000000000010002100085910007181200000000002            2  01859100071809071800000002665750000000001N010718000000000000000000000000000000000000000000000000000000000000000100085910031872SERGIO NOGUEIRA                         RUA MONTE CASTELO - 262 AP.55 - AVIACAO             11702720                                                            000044
2SR. CAIXA, APOS O VENCIMENTO COBRAR 10% DE MULTA                                NAO RECEBER APOS 30 DIAS DO VENCIMENTO.                                                                                                                                                                                                         01071800000000000000107180000000000000       0090770900016748859100071812000045
100000000000000000000009077090001674800000000000000000000000010002100000746807181600000000002            2  01007468071809071800000002155170000000001N010718000000000000000000000000000000000000000000000000000000000000000100000746845820ANTONIO CARLOS DE MELLO                 RUA CONGO - 118 - PARQUE MONTE ALEGRE -             06756270                                                            000047
2SR. CAIXA, APOS O VENCIMENTO COBRAR 10% DE MULTA                                NAO RECEBER APOS 30 DIAS DO VENCIMENTO.                                                                                                                                                                                                         01071800000000000000107180000000000000       0090770900016748007468071816000048
100000000000000000000009077090001674800000000000000000000000010002100028196107181100000000002            2  01281961071809071800000001551910000000001N010718000000000000000000000000000000000000000000000000000000000000000100028196184808VANESSA NOGUEIRA CAMBUI DA SILVA        CRISTOVAO COLOMBO - 217 - VILA AMERICA -            09110160                                                            000050
2SR. CAIXA, APOS O VENCIMENTO COBRAR 10% DE MULTA                                NAO RECEBER APOS 30 DIAS DO VENCIMENTO.                                                                                                                                                                                                         01071800000000000000107180000000000000       0090770900016748281961071811000051
100000000000000000000009077090001674800000000000000000000000010002100049730807181700000000002            2  01497308071809071800000001273910000000001N010718000000000000000000000000000000000000000000000000000000000000000100049730835420PEDRO LUIZ DO BOM FIM FILHO             RUA NASCER DO SOL - 91 - BAIRRO PIRAPORI            09951475                                                            000053
2SR. CAIXA, APOS O VENCIMENTO COBRAR 10% DE MULTA                                NAO RECEBER APOS 30 DIAS DO VENCIMENTO.                                                                                                                                                                                                         01071800000000000000107180000000000000       0090770900016748497308071817000054
100000000000000000000009077090001674800000000000000000000000010002100027067007181200000000002            2  01270670071809071800000001580550000000001N010718000000000000000000000000000000000000000000000000000000000000000100027067002893MARCIA NASCIMENTO DE MORAES             RUA MONTE CASTELO - 296 AP.11 - AVIACAO             11702720                                                            000056
2SR. CAIXA, APOS O VENCIMENTO COBRAR 10% DE MULTA                                NAO RECEBER APOS 30 DIAS DO VENCIMENTO.                                                                                                                                                                                                         01071800000000000000107180000000000000       0090770900016748270670071812000057
100000000000000000000009077090001674800000000000000000000000010002100064435707181700000000002            2  01644357071809071800000001580550000000001N010718000000000000000000000000000000000000000000000000000000000000000100064435741849JURACY DA SILVA                         RUA JACARATINGA - 192 - JARDIM PIRAJUCAR            05786120                                                            000059
2SR. CAIXA, APOS O VENCIMENTO COBRAR 10% DE MULTA                                NAO RECEBER APOS 30 DIAS DO VENCIMENTO.                                                                                                                                                                                                         01071800000000000000107180000000000000       0090770900016748644357071817000060
100000000000000000000009077090001674800000000000000000000000010002100094921807181600000000002            2  01949218071809071800000001568780000000001N010718000000000000000000000000000000000000000000000000000000000000000100094921890897JOAO JORGE DA ROSA FILHO                RUA OLAVO EGIDIO DE SOUZA ARANHA - 368 A            03822000                                                            000062
2SR. CAIXA, APOS O VENCIMENTO COBRAR 10% DE MULTA                                NAO RECEBER APOS 30 DIAS DO VENCIMENTO.                                                                                                                                                                                                         01071800000000000000107180000000000000       0090770900016748949218071816000063
100000000000000000000009077090001674800000000000000000000000010002100008364807181200000000002            2  01083648071809071800000001903120000000001N010718000000000000000000000000000000000000000000000000000000000000000100008364834800JOSEFINA CORREA RAMA DOS SANTOS         AVENIDA PRESIDENTE CASTELO BRANCO - 3.78            11702700                                                            000065
2SR. CAIXA, APOS O VENCIMENTO COBRAR 10% DE MULTA                                NAO RECEBER APOS 30 DIAS DO VENCIMENTO.                                                                                                                                                                                                         01071800000000000000107180000000000000       0090770900016748083648071812000066
100000000000000000000009077090001674800000000000000000000000010002100037713307181300000000002            2  01377133071809071800000001557100000000001N010718000000000000000000000000000000000000000000000000000000000000000100037713356800JAMILLE PAULA BUENO LOPES               RUA CURIO (COND.NEW VILLE) - 172 - SURU             06509031                                                            000068
2SR. CAIXA, APOS O VENCIMENTO COBRAR 10% DE MULTA                                NAO RECEBER APOS 30 DIAS DO VENCIMENTO.                                                                                                                                                                                                         01071800000000000000107180000000000000       0090770900016748377133071813000069
100000000000000000000009077090001674800000000000000000000000010002100027100907181000000000002            2  01271009071809071800000001814030000000001N010718000000000000000000000000000000000000000000000000000000000000000100027100951810MARCIA RAMALHO RODRIGUES                RUA MONTE CASTELO - 296 AP.82 - AVIACAO             11702720                                                            000071
2SR. CAIXA, APOS O VENCIMENTO COBRAR 10% DE MULTA                                NAO RECEBER APOS 30 DIAS DO VENCIMENTO.                                                                                                                                                                                                         01071800000000000000107180000000000000       0090770900016748271009071810000072
100000000000000000000009077090001674800000000000000000000000010002100076207907181100000000002            2  01762079071809071800000001956380000000001N010718000000000000000000000000000000000000000000000000000000000000000100076207943872JOSE MACEDO RICARTE FILHO               RUA ARTUR LOBO - 181 - JARDIM JABAQUARA             04384060                                                            000074
2SR. CAIXA, APOS O VENCIMENTO COBRAR 10% DE MULTA                                NAO RECEBER APOS 30 DIAS DO VENCIMENTO.                                                                                                                                                                                                         01071800000000000000107180000000000000       0090770900016748762079071811000075
100000000000000000000009077090001674800000000000000000000000010002100094672607181400000000002            2  01946726071809071800000002470690000000001N010718000000000000000000000000000000000000000000000000000000000000000100094672660834JOSE HENRIQUE SOARES PEREIRA INACIO     RUA MONTE CASTELO - 296 AP.34 - AVIACAO             11702720                                                            000077
2SR. CAIXA, APOS O VENCIMENTO COBRAR 10% DE MULTA                                NAO RECEBER APOS 30 DIAS DO VENCIMENTO.                                                                                                                                                                                                         01071800000000000000107180000000000000       0090770900016748946726071814000078
9                                                                                                                                                                                                                                                                                                                                                                                                         000079