01REMESSA01COBRANCA       00000000000004991454AIRES CONSTRUTORA E INCORPORAD237BRADESCO       010618        MX0000109                                                                                                                                                                                                                                                                                     000001
100000000000000000000009077090001674800000000000000000000000010002100099740406181700000000002            2  01997404061809061800000002728740000000001N010618000000000000000000000000000000000000000000000000000000000000000100099740451853ARNALDO DA SILVA SALES                  RUA ALEGRE - 210 - VILA SAO RAFAEL - GUA            07053100                                                            000002
2SR. CAIXA, APOS O VENCIMENTO COBRAR 10% DE MULTA                                NAO RECEBER APOS 30 DIAS DO VENCIMENTO.                                                                                                                                                                                                         01061800000000000000106180000000000000       0090770900016748997404061817000003
100000000000000000000009077090001674800000000000000000000000010002100049736706181700000000002            2  01497367061809061800000001655790000000001N010618000000000000000000000000000000000000000000000000000000000000000100049736787320RAIMUNDO VIEIRA DA SILVA                RUA BOLIVIA - 81 AP.ZELADORIA - JARDIM G            11701850                                                            000005
2SR. CAIXA, APOS O VENCIMENTO COBRAR 10% DE MULTA                                NAO RECEBER APOS 30 DIAS DO VENCIMENTO.                                                                                                                                                                                                         01061800000000000000106180000000000000       0090770900016748497367061817000006
100000000000000000000009077090001674800000000000000000000000010002100044380706181100000000002            2  01443807061809061800000004401740000000001N010618000000000000000000000000000000000000000000000000000000000000000100044380725812FERNANDO FIRMINO DOS SANTOS             RUA BARAO GERALDO DE RESENDE - 401 - BAI            05205220                                                            000008
2SR. CAIXA, APOS O VENCIMENTO COBRAR 10% DE MULTA                                NAO RECEBER APOS 30 DIAS DO VENCIMENTO.                                                                                                                                                                                                         01061800000000000000106180000000000000       0090770900016748443807061811000009
100000000000000000000009077090001674800000000000000000000000010002100025469406181200000000002            2  01254694061809061800000001370170000000001N010618000000000000000000000000000000000000000000000000000000000000000100025469470873JULIA MARIA RODRIGUES MARTINS           AVENIDA JOAO FIRMINO - 1229 AP.21 - BAIR            09810260                                                            000011
2SR. CAIXA, APOS O VENCIMENTO COBRAR 10% DE MULTA                                NAO RECEBER APOS 30 DIAS DO VENCIMENTO.                                                                                                                                                                                                         01061800000000000000106180000000000000       0090770900016748254694061812000012
100000000000000000000009077090001674800000000000000000000000010002100004759506181300000000002            2  01047595061809061800000003317330000000001N010618000000000000000000000000000000000000000000000000000000000000000100004759534873AGNALDO PORFIRIO DOS SANTOS             RUA JUVENCIO GASPAR DA SILVA - 35 - SAO             04303060                                                            000014
2SR. CAIXA, APOS O VENCIMENTO COBRAR 10% DE MULTA                                NAO RECEBER APOS 30 DIAS DO VENCIMENTO.                                                                                                                                                                                                         01061800000000000000106180000000000000       0090770900016748047595061813000015
100000000000000000000009077090001674800000000000000000000000010002100014924006181P00000000002            2  01149240061809061800000001787740000000001N010618000000000000000000000000000000000000000000000000000000000000000100014924049859KATIA REGINA DE OLIVEIRA SILVA          RUA ANTONIO SIMIONATO - 73 AP.14 - SANTA            09780180                                                            000017
2SR. CAIXA, APOS O VENCIMENTO COBRAR 10% DE MULTA                                NAO RECEBER APOS 30 DIAS DO VENCIMENTO.                                                                                                                                                                                                         01061800000000000000106180000000000000       009077090001674814924006181P000018
100000000000000000000009077090001674800000000000000000000000010002100090830406181700000000002            2  01908304061809061800000001045830000000001N010618000000000000000000000000000000000000000000000000000000000000000100090830490868IVONETE FERNANDES                       AVENIDA FREDERICO OZANAN - 5504 - VILA R            13215276                                                            000020
2SR. CAIXA, APOS O VENCIMENTO COBRAR 10% DE MULTA                                NAO RECEBER APOS 30 DIAS DO VENCIMENTO.                                                                                                                                                                                                         01061800000000000000106180000000000000       0090770900016748908304061817000021
100000000000000000000009077090001674800000000000000000000000010002100027093906181900000000002            2  01270939061809061800000002592610000000001N010618000000000000000000000000000000000000000000000000000000000000000100027093944809DAVID ALEXANDRE XAVIER ROCHA            RUA MONTE CASTELO - 296 AP.54 - AVIACAO             11702720                                                            000023
2SR. CAIXA, APOS O VENCIMENTO COBRAR 10% DE MULTA                                NAO RECEBER APOS 30 DIAS DO VENCIMENTO.                                                                                                                                                                                                         01061800000000000000106180000000000000       0090770900016748270939061819000024
100000000000000000000009077090001674800000000000000000000000010002100068273206181500000000002            2  01682732061809061800000001887240000000001N010618000000000000000000000000000000000000000000000000000000000000000100068273290891DERNEVAL JOSE MUNIZ                     RUA MARTINOPOLIS - 98 - JARDIM OTAWA - G            07230230                                                            000026
2SR. CAIXA, APOS O VENCIMENTO COBRAR 10% DE MULTA                                NAO RECEBER APOS 30 DIAS DO VENCIMENTO.                                                                                                                                                                                                         01061800000000000000106180000000000000       0090770900016748682732061815000027
100000000000000000000009077090001674800000000000000000000000010002100001817506181800000000002            2  01018175061809061800000001612870000000001N010618000000000000000000000000000000000000000000000000000000000000000100001817534807SANTINA SALVINA SOARES                  RUA CAIAPOS - 1066 AP.43 - VILA TUPI - P            11703320                                                            000029
2SR. CAIXA, APOS O VENCIMENTO COBRAR 10% DE MULTA                                NAO RECEBER APOS 30 DIAS DO VENCIMENTO.                                                                                                                                                                                                         01061800000000000000106180000000000000       0090770900016748018175061818000030
100000000000000000000009077090001674800000000000000000000000010002100086755706181500000000002            2  01867557061809061800000001742440000000001N010618000000000000000000000000000000000000000000000000000000000000000100086755790800GERALDO JAIR BROGLIATTO                 DR.ARMANDO COSTA MAGALHAES - 176 - VILA             13270490                                                            000032
2SR. CAIXA, APOS O VENCIMENTO COBRAR 10% DE MULTA                                NAO RECEBER APOS 30 DIAS DO VENCIMENTO.                                                                                                                                                                                                         01061800000000000000106180000000000000       0090770900016748867557061815000033
100000000000000000000009077090001674800000000000000000000000010002100013191206181700000000002            2  01131912061811061800000001800000000000001N010618000000000000000000000000000000000000000000000000000000000000000100013191291881MARCELO RICARDO MASCAROS SOUTO          RUA MONTE CASTELO - 295 AP.102 - AVIACAO            11702720                                                            000035
2SR. CAIXA, APOS O VENCIMENTO COBRAR 10% DE MULTA                                NAO RECEBER APOS 30 DIAS DO VENCIMENTO.                                                                                                                                                                                                         01061800000000000000106180000000000000       0090770900016748131912061817000036
100000000000000000000009077090001674800000000000000000000000010002100007996006181900000000002            2  01079960061809061800000001730920000000001N010618000000000000000000000000000000000000000000000000000000000000000100007996062862HENRIQUE SALVADOR                       RUA DARDANELOS - 689 - PARQUE NOVO ORATO            09260060                                                            000038
2SR. CAIXA, APOS O VENCIMENTO COBRAR 10% DE MULTA                                NAO RECEBER APOS 30 DIAS DO VENCIMENTO.                                                                                                                                                                                                         01061800000000000000106180000000000000       0090770900016748079960061819000039
100000000000000000000009077090001674800000000000000000000000010002100010066006181600000000002            2  01100660061809061800000002318860000000001N010618000000000000000000000000000000000000000000000000000000000000000100010066071534MOISES ROQUE DO ROSARIO                 RUA DAS PAPOULAS - 53 - VILA BELA - SAO             03202010                                                            000041
2SR. CAIXA, APOS O VENCIMENTO COBRAR 10% DE MULTA                                NAO RECEBER APOS 30 DIAS DO VENCIMENTO.                                                                                                                                                                                                         01061800000000000000106180000000000000       0090770900016748100660061816000042
100000000000000000000009077090001674800000000000000000000000010002100085910006181700000000002            2  01859100061809061800000002645910000000001N010618000000000000000000000000000000000000000000000000000000000000000100085910031872SERGIO NOGUEIRA                         RUA MONTE CASTELO - 262 AP.55 - AVIACAO             11702720                                                            000044
2SR. CAIXA, APOS O VENCIMENTO COBRAR 10% DE MULTA                                NAO RECEBER APOS 30 DIAS DO VENCIMENTO.                                                                                                                                                                                                         01061800000000000000106180000000000000       0090770900016748859100061817000045
100000000000000000000009077090001674800000000000000000000000010002100000746806181000000000002            2  01007468061809061800000002139130000000001N010618000000000000000000000000000000000000000000000000000000000000000100000746845820ANTONIO CARLOS DE MELLO                 RUA CONGO - 118 - PARQUE MONTE ALEGRE -             06756270                                                            000047
2SR. CAIXA, APOS O VENCIMENTO COBRAR 10% DE MULTA                                NAO RECEBER APOS 30 DIAS DO VENCIMENTO.                                                                                                                                                                                                         01061800000000000000106180000000000000       0090770900016748007468061810000048
100000000000000000000009077090001674800000000000000000000000010002100028196106181600000000002            2  01281961061809061800000001540360000000001N010618000000000000000000000000000000000000000000000000000000000000000100028196184808VANESSA NOGUEIRA CAMBUI DA SILVA        CRISTOVAO COLOMBO - 217 - VILA AMERICA -            09110160                                                            000050
2SR. CAIXA, APOS O VENCIMENTO COBRAR 10% DE MULTA                                NAO RECEBER APOS 30 DIAS DO VENCIMENTO.                                                                                                                                                                                                         01061800000000000000106180000000000000       0090770900016748281961061816000051
100000000000000000000009077090001674800000000000000000000000010002100049730806181100000000002            2  01497308061809061800000001264430000000001N010618000000000000000000000000000000000000000000000000000000000000000100049730835420PEDRO LUIZ DO BOM FIM FILHO             RUA NASCER DO SOL - 91 - BAIRRO PIRAPORI            09951475                                                            000053
2SR. CAIXA, APOS O VENCIMENTO COBRAR 10% DE MULTA                                NAO RECEBER APOS 30 DIAS DO VENCIMENTO.                                                                                                                                                                                                         01061800000000000000106180000000000000       0090770900016748497308061811000054
100000000000000000000009077090001674800000000000000000000000010002100027067006181700000000002            2  01270670061809061800000001568780000000001N010618000000000000000000000000000000000000000000000000000000000000000100027067002893MARCIA NASCIMENTO DE MORAES             RUA MONTE CASTELO - 296 AP.11 - AVIACAO             11702720                                                            000056
2SR. CAIXA, APOS O VENCIMENTO COBRAR 10% DE MULTA                                NAO RECEBER APOS 30 DIAS DO VENCIMENTO.                                                                                                                                                                                                         01061800000000000000106180000000000000       0090770900016748270670061817000057
100000000000000000000009077090001674800000000000000000000000010002100064435706181100000000002            2  01644357061809061800000001568780000000001N010618000000000000000000000000000000000000000000000000000000000000000100064435741849JURACY DA SILVA                         RUA JACARATINGA - 192 - JARDIM PIRAJUCAR            05786120                                                            000059
2SR. CAIXA, APOS O VENCIMENTO COBRAR 10% DE MULTA                                NAO RECEBER APOS 30 DIAS DO VENCIMENTO.                                                                                                                                                                                                         01061800000000000000106180000000000000       0090770900016748644357061811000060
100000000000000000000009077090001674800000000000000000000000010002100094921806181000000000002            2  01949218061809061800000001557100000000001N010618000000000000000000000000000000000000000000000000000000000000000100094921890897JOAO JORGE DA ROSA FILHO                RUA OLAVO EGIDIO DE SOUZA ARANHA - 368 A            03822000                                                            000062
2SR. CAIXA, APOS O VENCIMENTO COBRAR 10% DE MULTA                                NAO RECEBER APOS 30 DIAS DO VENCIMENTO.                                                                                                                                                                                                         01061800000000000000106180000000000000       0090770900016748949218061810000063
100000000000000000000009077090001674800000000000000000000000010002100008364806181700000000002            2  01083648061809061800000001888950000000001N010618000000000000000000000000000000000000000000000000000000000000000100008364834800JOSEFINA CORREA RAMA DOS SANTOS         AVENIDA PRESIDENTE CASTELO BRANCO - 3.78            11702700                                                            000065
2SR. CAIXA, APOS O VENCIMENTO COBRAR 10% DE MULTA                                NAO RECEBER APOS 30 DIAS DO VENCIMENTO.                                                                                                                                                                                                         01061800000000000000106180000000000000       0090770900016748083648061817000066
100000000000000000000009077090001674800000000000000000000000010002100037713306181800000000002            2  01377133061809061800000001545510000000001N010618000000000000000000000000000000000000000000000000000000000000000100037713356800JAMILLE PAULA BUENO LOPES               RUA CURIO (COND.NEW VILLE) - 172 - SURU             06509031                                                            000068
2SR. CAIXA, APOS O VENCIMENTO COBRAR 10% DE MULTA                                NAO RECEBER APOS 30 DIAS DO VENCIMENTO.                                                                                                                                                                                                         01061800000000000000106180000000000000       0090770900016748377133061818000069
100000000000000000000009077090001674800000000000000000000000010002100027100906181500000000002            2  01271009061809061800000001800530000000001N010618000000000000000000000000000000000000000000000000000000000000000100027100951810MARCIA RAMALHO RODRIGUES                RUA MONTE CASTELO - 296 AP.82 - AVIACAO             11702720                                                            000071
2SR. CAIXA, APOS O VENCIMENTO COBRAR 10% DE MULTA                                NAO RECEBER APOS 30 DIAS DO VENCIMENTO.                                                                                                                                                                                                         01061800000000000000106180000000000000       0090770900016748271009061815000072
100000000000000000000009077090001674800000000000000000000000010002100076207906181600000000002            2  01762079061809061800000001941820000000001N010618000000000000000000000000000000000000000000000000000000000000000100076207943872JOSE MACEDO RICARTE FILHO               RUA ARTUR LOBO - 181 - JARDIM JABAQUARA             04384060                                                            000074
2SR. CAIXA, APOS O VENCIMENTO COBRAR 10% DE MULTA                                NAO RECEBER APOS 30 DIAS DO VENCIMENTO.                                                                                                                                                                                                         01061800000000000000106180000000000000       0090770900016748762079061816000075
100000000000000000000009077090001674800000000000000000000000010002100094672606181900000000002            2  01946726061809061800000002452300000000001N010618000000000000000000000000000000000000000000000000000000000000000100094672660834JOSE HENRIQUE SOARES PEREIRA INACIO     RUA MONTE CASTELO - 296 AP.34 - AVIACAO             11702720                                                            000077
2SR. CAIXA, APOS O VENCIMENTO COBRAR 10% DE MULTA                                NAO RECEBER APOS 30 DIAS DO VENCIMENTO.                                                                                                                                                                                                         01061800000000000000106180000000000000       0090770900016748946726061819000078
9                                                                                                                                                                                                                                                                                                                                                                                                         000079