01REMESSA01COBRANCA       00000000000004991454AIRES CONSTRUTORA E INCORPORAD237BRADESCO       011018        MX0000117                                                                                                                                                                                                                                                                                     000001
100000000000000000000009077090001674800000000000000000000000010002100099740410181900000000002            2  01997404101809101800000006747660000000001N011018000000000000000000000000000000000000000000000000000000000000000100099740451853ARNALDO DA SILVA SALES                  RUA ALEGRE - 210 - VILA SAO RAFAEL - GUA            07053100                                                            000002
2SR. CAIXA, APOS O VENCIMENTO COBRAR 10% DE MULTA                                NAO RECEBER APOS 30 DIAS DO VENCIMENTO.                                                                                                                                                                                                         01101800000000000000110180000000000000       0090770900016748997404101819000003
100000000000000000000009077090001674800000000000000000000000010002100099740410182700000000002            2  01997404101809101800000002811530000000001N011018000000000000000000000000000000000000000000000000000000000000000100099740451853ARNALDO DA SILVA SALES                  RUA ALEGRE - 210 - VILA SAO RAFAEL - GUA            07053100                                                            000005
2SR. CAIXA, APOS O VENCIMENTO COBRAR 10% DE MULTA                                NAO RECEBER APOS 30 DIAS DO VENCIMENTO.                                                                                                                                                                                                         01101800000000000000110180000000000000       0090770900016748997404101827000006
100000000000000000000009077090001674800000000000000000000000010002100049736710181900000000002            2  01497367101809101800000001706030000000001N011018000000000000000000000000000000000000000000000000000000000000000100049736787320RAIMUNDO VIEIRA DA SILVA                RUA BOLIVIA - 81 AP.ZELADORIA - JARDIM G            11701850                                                            000008
2SR. CAIXA, APOS O VENCIMENTO COBRAR 10% DE MULTA                                NAO RECEBER APOS 30 DIAS DO VENCIMENTO.                                                                                                                                                                                                         01101800000000000000110180000000000000       0090770900016748497367101819000009
100000000000000000000009077090001674800000000000000000000000010002100044380710181300000000002            2  01443807101809101800000004535280000000001N011018000000000000000000000000000000000000000000000000000000000000000100044380725812FERNANDO FIRMINO DOS SANTOS             RUA BARAO GERALDO DE RESENDE - 401 - BAI            05205220                                                            000011
2SR. CAIXA, APOS O VENCIMENTO COBRAR 10% DE MULTA                                NAO RECEBER APOS 30 DIAS DO VENCIMENTO.                                                                                                                                                                                                         01101800000000000000110180000000000000       0090770900016748443807101813000012
100000000000000000000009077090001674800000000000000000000000010002100025469410181400000000002            2  01254694101809101800000001411740000000001N011018000000000000000000000000000000000000000000000000000000000000000100025469470873JULIA MARIA RODRIGUES MARTINS           AVENIDA JOAO FIRMINO - 1229 AP.21 - BAIR            09810260                                                            000014
2SR. CAIXA, APOS O VENCIMENTO COBRAR 10% DE MULTA                                NAO RECEBER APOS 30 DIAS DO VENCIMENTO.                                                                                                                                                                                                         01101800000000000000110180000000000000       0090770900016748254694101814000015
100000000000000000000009077090001674800000000000000000000000010002100004759510181500000000002            2  01047595101809101800000003417970000000001N011018000000000000000000000000000000000000000000000000000000000000000100004759534873AGNALDO PORFIRIO DOS SANTOS             RUA JUVENCIO GASPAR DA SILVA - 35 - SAO             04303060                                                            000017
2SR. CAIXA, APOS O VENCIMENTO COBRAR 10% DE MULTA                                NAO RECEBER APOS 30 DIAS DO VENCIMENTO.                                                                                                                                                                                                         01101800000000000000110180000000000000       0090770900016748047595101815000018
100000000000000000000009077090001674800000000000000000000000010002100014924010181100000000002            2  01149240101809101800000001841980000000001N011018000000000000000000000000000000000000000000000000000000000000000100014924049859KATIA REGINA DE OLIVEIRA SILVA          RUA ANTONIO SIMIONATO - 73 AP.14 - SANTA            09780180                                                            000020
2SR. CAIXA, APOS O VENCIMENTO COBRAR 10% DE MULTA                                NAO RECEBER APOS 30 DIAS DO VENCIMENTO.                                                                                                                                                                                                         01101800000000000000110180000000000000       0090770900016748149240101811000021
100000000000000000000009077090001674800000000000000000000000010002100090830410181900000000002            2  01908304101809101800000001077550000000001N011018000000000000000000000000000000000000000000000000000000000000000100090830490868IVONETE FERNANDES                       AVENIDA FREDERICO OZANAN - 5504 - VILA R            13215276                                                            000023
2SR. CAIXA, APOS O VENCIMENTO COBRAR 10% DE MULTA                                NAO RECEBER APOS 30 DIAS DO VENCIMENTO.                                                                                                                                                                                                         01101800000000000000110180000000000000       0090770900016748908304101819000024
100000000000000000000009077090001674800000000000000000000000010002100027093910181000000000002            2  01270939101809101800000002671270000000001N011018000000000000000000000000000000000000000000000000000000000000000100027093944809DAVID ALEXANDRE XAVIER ROCHA            RUA MONTE CASTELO - 296 AP.54 - AVIACAO             11702720                                                            000026
2SR. CAIXA, APOS O VENCIMENTO COBRAR 10% DE MULTA                                NAO RECEBER APOS 30 DIAS DO VENCIMENTO.                                                                                                                                                                                                         01101800000000000000110180000000000000       0090770900016748270939101810000027
100000000000000000000009077090001674800000000000000000000000010002100068273210181700000000002            2  01682732101809101800000001944500000000001N011018000000000000000000000000000000000000000000000000000000000000000100068273290891DERNEVAL JOSE MUNIZ                     RUA MARTINOPOLIS - 98 - JARDIM OTAWA - G            07230230                                                            000029
2SR. CAIXA, APOS O VENCIMENTO COBRAR 10% DE MULTA                                NAO RECEBER APOS 30 DIAS DO VENCIMENTO.                                                                                                                                                                                                         01101800000000000000110180000000000000       0090770900016748682732101817000030
100000000000000000000009077090001674800000000000000000000000010002100001817510181P00000000002            2  01018175101809101800000001661810000000001N011018000000000000000000000000000000000000000000000000000000000000000100001817534807SANTINA SALVINA SOARES                  RUA CAIAPOS - 1066 AP.43 - VILA TUPI - P            11703320                                                            000032
2SR. CAIXA, APOS O VENCIMENTO COBRAR 10% DE MULTA                                NAO RECEBER APOS 30 DIAS DO VENCIMENTO.                                                                                                                                                                                                         01101800000000000000110180000000000000       009077090001674801817510181P000033
100000000000000000000009077090001674800000000000000000000000010002100086755710181700000000002            2  01867557101809101800000001795310000000001N011018000000000000000000000000000000000000000000000000000000000000000100086755790800GERALDO JAIR BROGLIATTO                 DR.ARMANDO COSTA MAGALHAES - 176 - VILA             13270490                                                            000035
2SR. CAIXA, APOS O VENCIMENTO COBRAR 10% DE MULTA                                NAO RECEBER APOS 30 DIAS DO VENCIMENTO.                                                                                                                                                                                                         01101800000000000000110180000000000000       0090770900016748867557101817000036
100000000000000000000009077090001674800000000000000000000000010002100013191210181900000000002            2  01131912101811101800000001800000000000001N011018000000000000000000000000000000000000000000000000000000000000000100013191291881MARCELO RICARDO MASCAROS SOUTO          RUA MONTE CASTELO - 295 AP.102 - AVIACAO            11702720                                                            000038
2SR. CAIXA, APOS O VENCIMENTO COBRAR 10% DE MULTA                                NAO RECEBER APOS 30 DIAS DO VENCIMENTO.                                                                                                                                                                                                         01101800000000000000110180000000000000       0090770900016748131912101819000039
100000000000000000000009077090001674800000000000000000000000010002100007996010181000000000002            2  01079960101809101800000001783440000000001N011018000000000000000000000000000000000000000000000000000000000000000100007996062862HENRIQUE SALVADOR                       RUA DARDANELOS - 689 - PARQUE NOVO ORATO            09260060                                                            000041
2SR. CAIXA, APOS O VENCIMENTO COBRAR 10% DE MULTA                                NAO RECEBER APOS 30 DIAS DO VENCIMENTO.                                                                                                                                                                                                         01101800000000000000110180000000000000       0090770900016748079960101810000042
100000000000000000000009077090001674800000000000000000000000010002100010066010181800000000002            2  01100660101809101800000002389210000000001N011018000000000000000000000000000000000000000000000000000000000000000100010066071534MOISES ROQUE DO ROSARIO                 RUA DAS PAPOULAS - 53 - VILA BELA - SAO             03202010                                                            000044
2SR. CAIXA, APOS O VENCIMENTO COBRAR 10% DE MULTA                                NAO RECEBER APOS 30 DIAS DO VENCIMENTO.                                                                                                                                                                                                         01101800000000000000110180000000000000       0090770900016748100660101818000045
100000000000000000000009077090001674800000000000000000000000010002100085910010181900000000002            2  01859100101809101800000002726170000000001N011018000000000000000000000000000000000000000000000000000000000000000100085910031872SERGIO NOGUEIRA                         RUA MONTE CASTELO - 262 AP.55 - AVIACAO             11702720                                                            000047
2SR. CAIXA, APOS O VENCIMENTO COBRAR 10% DE MULTA                                NAO RECEBER APOS 30 DIAS DO VENCIMENTO.                                                                                                                                                                                                         01101800000000000000110180000000000000       0090770900016748859100101819000048
100000000000000000000009077090001674800000000000000000000000010002100000746810181200000000002            2  01007468101809101800000002204020000000001N011018000000000000000000000000000000000000000000000000000000000000000100000746845820ANTONIO CARLOS DE MELLO                 RUA CONGO - 118 - PARQUE MONTE ALEGRE -             06756270                                                            000050
2SR. CAIXA, APOS O VENCIMENTO COBRAR 10% DE MULTA                                NAO RECEBER APOS 30 DIAS DO VENCIMENTO.                                                                                                                                                                                                         01101800000000000000110180000000000000       0090770900016748007468101812000051
100000000000000000000009077090001674800000000000000000000000010002100028196110181800000000002            2  01281961101809101800000001587090000000001N011018000000000000000000000000000000000000000000000000000000000000000100028196184808VANESSA NOGUEIRA CAMBUI DA SILVA        CRISTOVAO COLOMBO - 217 - VILA AMERICA -            09110160                                                            000053
2SR. CAIXA, APOS O VENCIMENTO COBRAR 10% DE MULTA                                NAO RECEBER APOS 30 DIAS DO VENCIMENTO.                                                                                                                                                                                                         01101800000000000000110180000000000000       0090770900016748281961101818000054
100000000000000000000009077090001674800000000000000000000000010002100049730810181300000000002            2  01497308101809101800000001302790000000001N011018000000000000000000000000000000000000000000000000000000000000000100049730835420PEDRO LUIZ DO BOM FIM FILHO             RUA NASCER DO SOL - 91 - BAIRRO PIRAPORI            09951475                                                            000056
2SR. CAIXA, APOS O VENCIMENTO COBRAR 10% DE MULTA                                NAO RECEBER APOS 30 DIAS DO VENCIMENTO.                                                                                                                                                                                                         01101800000000000000110180000000000000       0090770900016748497308101813000057
100000000000000000000009077090001674800000000000000000000000010002100027067010181900000000002            2  01270670101809101800000001616370000000001N011018000000000000000000000000000000000000000000000000000000000000000100027067002893MARCIA NASCIMENTO DE MORAES             RUA MONTE CASTELO - 296 AP.11 - AVIACAO             11702720                                                            000059
2SR. CAIXA, APOS O VENCIMENTO COBRAR 10% DE MULTA                                NAO RECEBER APOS 30 DIAS DO VENCIMENTO.                                                                                                                                                                                                         01101800000000000000110180000000000000       0090770900016748270670101819000060
100000000000000000000009077090001674800000000000000000000000010002100064435710181300000000002            2  01644357101809101800000001616370000000001N011018000000000000000000000000000000000000000000000000000000000000000100064435741849JURACY DA SILVA                         RUA JACARATINGA - 192 - JARDIM PIRAJUCAR            05786120                                                            000062
2SR. CAIXA, APOS O VENCIMENTO COBRAR 10% DE MULTA                                NAO RECEBER APOS 30 DIAS DO VENCIMENTO.                                                                                                                                                                                                         01101800000000000000110180000000000000       0090770900016748644357101813000063
100000000000000000000009077090001674800000000000000000000000010002100094921810181200000000002            2  01949218101809101800000001604340000000001N011018000000000000000000000000000000000000000000000000000000000000000100094921890897JOAO JORGE DA ROSA FILHO                RUA OLAVO EGIDIO DE SOUZA ARANHA - 368 A            03822000                                                            000065
2SR. CAIXA, APOS O VENCIMENTO COBRAR 10% DE MULTA                                NAO RECEBER APOS 30 DIAS DO VENCIMENTO.                                                                                                                                                                                                         01101800000000000000110180000000000000       0090770900016748949218101812000066
100000000000000000000009077090001674800000000000000000000000010002100008364810181900000000002            2  01083648101809101800000001946260000000001N011018000000000000000000000000000000000000000000000000000000000000000100008364834800JOSEFINA CORREA RAMA DOS SANTOS         AVENIDA PRESIDENTE CASTELO BRANCO - 3.78            11702700                                                            000068
2SR. CAIXA, APOS O VENCIMENTO COBRAR 10% DE MULTA                                NAO RECEBER APOS 30 DIAS DO VENCIMENTO.                                                                                                                                                                                                         01101800000000000000110180000000000000       0090770900016748083648101819000069
100000000000000000000009077090001674800000000000000000000000010002100037713310181P00000000002            2  01377133101809101800000001592400000000001N011018000000000000000000000000000000000000000000000000000000000000000100037713356800JAMILLE PAULA BUENO LOPES               RUA CURIO (COND.NEW VILLE) - 172 - SURU             06509031                                                            000071
2SR. CAIXA, APOS O VENCIMENTO COBRAR 10% DE MULTA                                NAO RECEBER APOS 30 DIAS DO VENCIMENTO.                                                                                                                                                                                                         01101800000000000000110180000000000000       009077090001674837713310181P000072
100000000000000000000009077090001674800000000000000000000000010002100027100910181700000000002            2  01271009101809101800000001855160000000001N011018000000000000000000000000000000000000000000000000000000000000000100027100951810MARCIA RAMALHO RODRIGUES                RUA MONTE CASTELO - 296 AP.82 - AVIACAO             11702720                                                            000074
2SR. CAIXA, APOS O VENCIMENTO COBRAR 10% DE MULTA                                NAO RECEBER APOS 30 DIAS DO VENCIMENTO.                                                                                                                                                                                                         01101800000000000000110180000000000000       0090770900016748271009101817000075
100000000000000000000009077090001674800000000000000000000000010002100076207910181800000000002            2  01762079101809101800000002000720000000001N011018000000000000000000000000000000000000000000000000000000000000000100076207943872JOSE MACEDO RICARTE FILHO               RUA ARTUR LOBO - 181 - JARDIM JABAQUARA             04384060                                                            000077
2SR. CAIXA, APOS O VENCIMENTO COBRAR 10% DE MULTA                                NAO RECEBER APOS 30 DIAS DO VENCIMENTO.                                                                                                                                                                                                         01101800000000000000110180000000000000       0090770900016748762079101818000078
100000000000000000000009077090001674800000000000000000000000010002100094672610181000000000002            2  01946726101809101800000002526700000000001N011018000000000000000000000000000000000000000000000000000000000000000100094672660834JOSE HENRIQUE SOARES PEREIRA INACIO     RUA MONTE CASTELO - 296 AP.34 - AVIACAO             11702720                                                            000080
2SR. CAIXA, APOS O VENCIMENTO COBRAR 10% DE MULTA                                NAO RECEBER APOS 30 DIAS DO VENCIMENTO.                                                                                                                                                                                                         01101800000000000000110180000000000000       0090770900016748946726101810000081
100000000000000000000009077090001674800000000000000000000000010002100025265210181100000000002            2  01252652101809101800000001373780000000001N011018000000000000000000000000000000000000000000000000000000000000000100025265260862SONIA MARIA CECILIO DA SILVA            RUA PRESIDENTE TANCREDO NEVES - 1093 AP.            06329350                                                            000083
2SR. CAIXA, APOS O VENCIMENTO COBRAR 10% DE MULTA                                NAO RECEBER APOS 30 DIAS DO VENCIMENTO.                                                                                                                                                                                                         01101800000000000000110180000000000000       0090770900016748252652101811000084
100000000000000000000009077090001674800000000000000000000000010002100039262510181400000000002            2  01392625101811101800000001600000000000001N011018000000000000000000000000000000000000000000000000000000000000000100039262563892DAVID AUGUSTO DOS SANTOS                RUA CONSELHEIRO ELIAS DE CARVALHO - 50 A            04373000                                                            000086
2SR. CAIXA, APOS O VENCIMENTO COBRAR 10% DE MULTA                                NAO RECEBER APOS 30 DIAS DO VENCIMENTO.                                                                                                                                                                                                         01101800000000000000110180000000000000       0090770900016748392625101814000087
100000000000000000000009077090001674800000000000000000000000010002100011381910181900000000002            2  01113819101809101800000002618400000000001N011018000000000000000000000000000000000000000000000000000000000000000100011381987818MARIO DONIZETE MIGUEL DA SILVA          RUA JASPE - 215 - HIGIANOPOLIS - JANDIRA            06642270                                                            000089
2SR. CAIXA, APOS O VENCIMENTO COBRAR 10% DE MULTA                                NAO RECEBER APOS 30 DIAS DO VENCIMENTO.                                                                                                                                                                                                         01101800000000000000110180000000000000       0090770900016748113819101819000090
9                                                                                                                                                                                                                                                                                                                                                                                                         000091