01REMESSA01COBRANCA       00000000000004991788AIRES DESENVOLVIMENTO IMOBILIA237BRADESCO       010818        MX0000134                                                                                                                                                                                                                                                                                     000001
100000000000000000000009077090011897400000000000000000000000010002100031000708181400000000002            2  01310007081810081800000002726480000000001N010818000000000000000000000000000000000000000000000000000000000000000100031000769828ANDREIA CARLA SOUSA                     RUA JOSE CALIXTO DO CARMO - 265 AP.73 -             11702690                                                            000002
2SR. CAIXA, APOS O VENCIMENTO COBRAR 10% DE MULTA                                NAO RECEBER APOS 30 DIAS DO VENCIMENTO.                                                                                                                                                                                                         01081800000000000000108180000000000000       0090770900118974310007081814000003
100000000000000000000009077090011897400000000000000000000000010002100012708308181600000000002            2  01127083081810081800000001578040000000001N010818000000000000000000000000000000000000000000000000000000000000000100012708342827ADRIANA RATIER CRUZ                     RUA JOSE CALIXTO DO CARMO - 295 APTO 31             11702690                                                            000005
2SR. CAIXA, APOS O VENCIMENTO COBRAR 10% DE MULTA                                NAO RECEBER APOS 30 DIAS DO VENCIMENTO.                                                                                                                                                                                                         01081800000000000000108180000000000000       0090770900118974127083081816000006
100000000000000000000009077090011897400000000000000000000000010002100000452408181200000000002            2  01004524081810081800000001285340000000001N010818000000000000000000000000000000000000000000000000000000000000000100000452415896MARILUCE SANTOS DE ALMEIDA              RUA JOSE CALIXTO DO CARMO - 295 AP.74 -             11702690                                                            000008
2SR. CAIXA, APOS O VENCIMENTO COBRAR 10% DE MULTA                                NAO RECEBER APOS 30 DIAS DO VENCIMENTO.                                                                                                                                                                                                         01081800000000000000108180000000000000       0090770900118974004524081812000009
100000000000000000000009077090011897400000000000000000000000010002100003406908181300000000002            2  01034069081809081800000001416750000000001N010818000000000000000000000000000000000000000000000000000000000000000100003406972888RONALDO CANDIDO PANSONATO               AV. DOM JAIME DE BARROS CAMERA - 565 AP.            09895400                                                            000011
2SR. CAIXA, APOS O VENCIMENTO COBRAR 10% DE MULTA                                NAO RECEBER APOS 30 DIAS DO VENCIMENTO.                                                                                                                                                                                                         01081800000000000000108180000000000000       0090770900118974034069081813000012
100000000000000000000009077090011897400000000000000000000000010002100028379808181500000000002            2  01283798081801081800000003428970000000001N010818000000000000000000000000000000000000000000000000000000000000000100028379879805EDMILSON DANIEL GARCIA WATANUKI         AV.PRESIDENTE CASTELO BRANCO - 4718 LOJA            11702700                                                            000014
2SR. CAIXA, APOS O VENCIMENTO COBRAR 10% DE MULTA                                NAO RECEBER APOS 30 DIAS DO VENCIMENTO.                                                                                                                                                                                                         01081800000000000000108180000000000000       0090770900118974283798081815000015
9                                                                                                                                                                                                                                                                                                                                                                                                         000016