01REMESSA01COBRANCA       00000000000004991454AIRES CONSTRUTORA E INCORPORAD237BRADESCO       011119        MX0000143                                                                                                                                                                                                                                                                                     000001
100000000000000000000009077090001674800000000000000000000000010002100099740411191100000000002            2  01997404111909111900000003098320000000001N011119000000000000000000000000000000000000000000000000000000000000000100099740451853ARNALDO DA SILVA SALES                  RUA ALEGRE - 210 - VILA SAO RAFAEL - GUA            07053100                                                            000002
2SR. CAIXA, APOS O VENCIMENTO COBRAR 10% DE MULTA                                NAO RECEBER APOS 30 DIAS DO VENCIMENTO.                                                                                                                                                                                                         01111900000000000000111190000000000000       0090770900016748997404111911000003
100000000000000000000009077090001674800000000000000000000000010002100026984111191700000000002            2  01269841111909111900000001880070000000001N011119000000000000000000000000000000000000000000000000000000000000000100026984181844GISELE APARECIDA MAGALHAES              RUA GRACILIANO RAMOS - 181 - BAIRRO SAO             09581410                                                            000005
2SR. CAIXA, APOS O VENCIMENTO COBRAR 10% DE MULTA                                NAO RECEBER APOS 30 DIAS DO VENCIMENTO.                                                                                                                                                                                                         01111900000000000000111190000000000000       0090770900016748269841111917000006
100000000000000000000009077090001674800000000000000000000000010002100044380711191600000000002            2  01443807111909111900000004997930000000001N011119000000000000000000000000000000000000000000000000000000000000000100044380725812FERNANDO FIRMINO DOS SANTOS             RUA BARAO GERALDO DE RESENDE - 401 - BAI            05205220                                                            000008
2SR. CAIXA, APOS O VENCIMENTO COBRAR 10% DE MULTA                                NAO RECEBER APOS 30 DIAS DO VENCIMENTO.                                                                                                                                                                                                         01111900000000000000111190000000000000       0090770900016748443807111916000009
100000000000000000000009077090001674800000000000000000000000010002100025469411191700000000002            2  01254694111909111900000001555760000000001N011119000000000000000000000000000000000000000000000000000000000000000100025469470873JULIA MARIA RODRIGUES MARTINS           AVENIDA JOAO FIRMINO - 1229 AP.21 - BAIR            09810260                                                            000011
2SR. CAIXA, APOS O VENCIMENTO COBRAR 10% DE MULTA                                NAO RECEBER APOS 30 DIAS DO VENCIMENTO.                                                                                                                                                                                                         01111900000000000000111190000000000000       0090770900016748254694111917000012
100000000000000000000009077090001674800000000000000000000000010002100004759511191800000000002            2  01047595111909111900000003766630000000001N011119000000000000000000000000000000000000000000000000000000000000000100004759534873AGNALDO PORFIRIO DOS SANTOS             RUA JUVENCIO GASPAR DA SILVA - 35 - SAO             04303060                                                            000014
2SR. CAIXA, APOS O VENCIMENTO COBRAR 10% DE MULTA                                NAO RECEBER APOS 30 DIAS DO VENCIMENTO.                                                                                                                                                                                                         01111900000000000000111190000000000000       0090770900016748047595111918000015
100000000000000000000009077090001674800000000000000000000000010002100090830411191100000000002            2  01908304111909111900000001187460000000001N011119000000000000000000000000000000000000000000000000000000000000000100090830490868IVONETE FERNANDES                       AVENIDA FREDERICO OZANAN - 5504 - VILA R            13215276                                                            000017
2SR. CAIXA, APOS O VENCIMENTO COBRAR 10% DE MULTA                                NAO RECEBER APOS 30 DIAS DO VENCIMENTO.                                                                                                                                                                                                         01111900000000000000111190000000000000       0090770900016748908304111911000018
100000000000000000000009077090001674800000000000000000000000010002100027093911191300000000002            2  01270939111909111900000002943760000000001N011119000000000000000000000000000000000000000000000000000000000000000100027093944809DAVID ALEXANDRE XAVIER ROCHA            RUA MONTE CASTELO - 296 AP.54 - AVIACAO             11702720                                                            000020
2SR. CAIXA, APOS O VENCIMENTO COBRAR 10% DE MULTA                                NAO RECEBER APOS 30 DIAS DO VENCIMENTO.                                                                                                                                                                                                         01111900000000000000111190000000000000       0090770900016748270939111913000021
100000000000000000000009077090001674800000000000000000000000010002100068273211191P00000000002            2  01682732111909111900000002142850000000001N011119000000000000000000000000000000000000000000000000000000000000000100068273290891DERNEVAL JOSE MUNIZ                     RUA MARTINOPOLIS - 98 - JARDIM OTAWA - G            07230230                                                            000023
2SR. CAIXA, APOS O VENCIMENTO COBRAR 10% DE MULTA                                NAO RECEBER APOS 30 DIAS DO VENCIMENTO.                                                                                                                                                                                                         01111900000000000000111190000000000000       009077090001674868273211191P000024
100000000000000000000009077090001674800000000000000000000000010002100001817511191200000000002            2  01018175111909111900000001831330000000001N011119000000000000000000000000000000000000000000000000000000000000000100001817534807SANTINA SALVINA SOARES                  RUA CAIAPOS - 1066 AP.43 - VILA TUPI - P            11703320                                                            000026
2SR. CAIXA, APOS O VENCIMENTO COBRAR 10% DE MULTA                                NAO RECEBER APOS 30 DIAS DO VENCIMENTO.                                                                                                                                                                                                         01111900000000000000111190000000000000       0090770900016748018175111912000027
100000000000000000000009077090001674800000000000000000000000010002100086755711191P00000000002            2  01867557111909111900000001978450000000001N011119000000000000000000000000000000000000000000000000000000000000000100086755790800GERALDO JAIR BROGLIATTO                 DR.ARMANDO COSTA MAGALHAES - 176 - VILA             13270490                                                            000029
2SR. CAIXA, APOS O VENCIMENTO COBRAR 10% DE MULTA                                NAO RECEBER APOS 30 DIAS DO VENCIMENTO.                                                                                                                                                                                                         01111900000000000000111190000000000000       009077090001674886755711191P000030
100000000000000000000009077090001674800000000000000000000000010002100010066011191000000000002            2  01100660111909111900000002632930000000001N011119000000000000000000000000000000000000000000000000000000000000000100010066071534MOISES ROQUE DO ROSARIO                 RUA DAS PAPOULAS - 53 - VILA BELA - SAO             03202010                                                            000032
2SR. CAIXA, APOS O VENCIMENTO COBRAR 10% DE MULTA                                NAO RECEBER APOS 30 DIAS DO VENCIMENTO.                                                                                                                                                                                                         01111900000000000000111190000000000000       0090770900016748100660111910000033
100000000000000000000009077090001674800000000000000000000000010002100085910011191100000000002            2  01859100111909111900000003004260000000001N011119000000000000000000000000000000000000000000000000000000000000000100085910031872SERGIO NOGUEIRA                         RUA MONTE CASTELO - 262 AP.55 - AVIACAO             11702720                                                            000035
2SR. CAIXA, APOS O VENCIMENTO COBRAR 10% DE MULTA                                NAO RECEBER APOS 30 DIAS DO VENCIMENTO.                                                                                                                                                                                                         01111900000000000000111190000000000000       0090770900016748859100111911000036
100000000000000000000009077090001674800000000000000000000000010002100000746811191500000000002            2  01007468111909111900000002428850000000001N011119000000000000000000000000000000000000000000000000000000000000000100000746845820ANTONIO CARLOS DE MELLO                 RUA CONGO - 118 - PARQUE MONTE ALEGRE -             06756270                                                            000038
2SR. CAIXA, APOS O VENCIMENTO COBRAR 10% DE MULTA                                NAO RECEBER APOS 30 DIAS DO VENCIMENTO.                                                                                                                                                                                                         01111900000000000000111190000000000000       0090770900016748007468111915000039
100000000000000000000009077090001674800000000000000000000000010002100028196111191000000000002            2  01281961111909111900000001748980000000001N011119000000000000000000000000000000000000000000000000000000000000000100028196184808VANESSA NOGUEIRA CAMBUI DA SILVA        CRISTOVAO COLOMBO - 217 - VILA AMERICA -            09110160                                                            000041
2SR. CAIXA, APOS O VENCIMENTO COBRAR 10% DE MULTA                                NAO RECEBER APOS 30 DIAS DO VENCIMENTO.                                                                                                                                                                                                         01111900000000000000111190000000000000       0090770900016748281961111910000042
100000000000000000000009077090001674800000000000000000000000010002100049730811191600000000002            2  01497308111909111900000001435690000000001N011119000000000000000000000000000000000000000000000000000000000000000100049730835420PEDRO LUIZ DO BOM FIM FILHO             RUA NASCER DO SOL - 91 - BAIRRO PIRAPORI            09951475                                                            000044
2SR. CAIXA, APOS O VENCIMENTO COBRAR 10% DE MULTA                                NAO RECEBER APOS 30 DIAS DO VENCIMENTO.                                                                                                                                                                                                         01111900000000000000111190000000000000       0090770900016748497308111916000045
100000000000000000000009077090001674800000000000000000000000010002100027067011191100000000002            2  01270670111909111900000001781250000000001N011119000000000000000000000000000000000000000000000000000000000000000100027067002893MARCIA NASCIMENTO DE MORAES             RUA MONTE CASTELO - 296 AP.11 - AVIACAO             11702720                                                            000047
2SR. CAIXA, APOS O VENCIMENTO COBRAR 10% DE MULTA                                NAO RECEBER APOS 30 DIAS DO VENCIMENTO.                                                                                                                                                                                                         01111900000000000000111190000000000000       0090770900016748270670111911000048
100000000000000000000009077090001674800000000000000000000000010002100064435711191600000000002            2  01644357111909111900000001781250000000001N011119000000000000000000000000000000000000000000000000000000000000000100064435741849JURACY DA SILVA                         RUA JACARATINGA - 192 - JARDIM PIRAJUCAR            05786120                                                            000050
2SR. CAIXA, APOS O VENCIMENTO COBRAR 10% DE MULTA                                NAO RECEBER APOS 30 DIAS DO VENCIMENTO.                                                                                                                                                                                                         01111900000000000000111190000000000000       0090770900016748644357111916000051
100000000000000000000009077090001674800000000000000000000000010002100094921811191500000000002            2  01949218111909111900000001767990000000001N011119000000000000000000000000000000000000000000000000000000000000000100094921890897JOAO JORGE DA ROSA FILHO                RUA OLAVO EGIDIO DE SOUZA ARANHA - 368 A            03822000                                                            000053
2SR. CAIXA, APOS O VENCIMENTO COBRAR 10% DE MULTA                                NAO RECEBER APOS 30 DIAS DO VENCIMENTO.                                                                                                                                                                                                         01111900000000000000111190000000000000       0090770900016748949218111915000054
100000000000000000000009077090001674800000000000000000000000010002100008364811191100000000002            2  01083648111909111900000002144820000000001N011119000000000000000000000000000000000000000000000000000000000000000100008364834800JOSEFINA CORREA RAMA DOS SANTOS         AVENIDA PRESIDENTE CASTELO BRANCO - 3.78            11702700                                                            000056
2SR. CAIXA, APOS O VENCIMENTO COBRAR 10% DE MULTA                                NAO RECEBER APOS 30 DIAS DO VENCIMENTO.                                                                                                                                                                                                         01111900000000000000111190000000000000       0090770900016748083648111911000057
100000000000000000000009077090001674800000000000000000000000010002100037713311191200000000002            2  01377133111909111900000001754830000000001N011119000000000000000000000000000000000000000000000000000000000000000100037713356800JAMILLE PAULA BUENO LOPES               RUA CURIO (COND.NEW VILLE) - 172 - SURU             06509031                                                            000059
2SR. CAIXA, APOS O VENCIMENTO COBRAR 10% DE MULTA                                NAO RECEBER APOS 30 DIAS DO VENCIMENTO.                                                                                                                                                                                                         01111900000000000000111190000000000000       0090770900016748377133111912000060
100000000000000000000009077090001674800000000000000000000000010002100027100911191P00000000002            2  01271009111909111900000002044400000000001N011119000000000000000000000000000000000000000000000000000000000000000100027100951810MARCIA RAMALHO RODRIGUES                RUA MONTE CASTELO - 296 AP.82 - AVIACAO             11702720                                                            000062
2SR. CAIXA, APOS O VENCIMENTO COBRAR 10% DE MULTA                                NAO RECEBER APOS 30 DIAS DO VENCIMENTO.                                                                                                                                                                                                         01111900000000000000111190000000000000       009077090001674827100911191P000063
100000000000000000000009077090001674800000000000000000000000010002100076207911191000000000002            2  01762079111909111900000002204820000000001N011119000000000000000000000000000000000000000000000000000000000000000100076207943872JOSE MACEDO RICARTE FILHO               RUA ARTUR LOBO - 181 - JARDIM JABAQUARA             04384060                                                            000065
2SR. CAIXA, APOS O VENCIMENTO COBRAR 10% DE MULTA                                NAO RECEBER APOS 30 DIAS DO VENCIMENTO.                                                                                                                                                                                                         01111900000000000000111190000000000000       0090770900016748762079111910000066
100000000000000000000009077090001674800000000000000000000000010002100094672611191300000000002            2  01946726111909111900000002784460000000001N011119000000000000000000000000000000000000000000000000000000000000000100094672660834JOSE HENRIQUE SOARES PEREIRA INACIO     RUA MONTE CASTELO - 296 AP.34 - AVIACAO             11702720                                                            000068
2SR. CAIXA, APOS O VENCIMENTO COBRAR 10% DE MULTA                                NAO RECEBER APOS 30 DIAS DO VENCIMENTO.                                                                                                                                                                                                         01111900000000000000111190000000000000       0090770900016748946726111913000069
100000000000000000000009077090001674800000000000000000000000010002100025265211191400000000002            2  01252652111909111900000001513940000000001N011119000000000000000000000000000000000000000000000000000000000000000100025265260862SONIA MARIA CECILIO DA SILVA            RUA PRESIDENTE TANCREDO NEVES - 1093 AP.            06329350                                                            000071
2SR. CAIXA, APOS O VENCIMENTO COBRAR 10% DE MULTA                                NAO RECEBER APOS 30 DIAS DO VENCIMENTO.                                                                                                                                                                                                         01111900000000000000111190000000000000       0090770900016748252652111914000072
100000000000000000000009077090001674800000000000000000000000010002100011381911191100000000002            2  01113819111909111900000002885500000000001N011119000000000000000000000000000000000000000000000000000000000000000100011381987818MARIO DONIZETE MIGUEL DA SILVA          RUA JASPE - 215 - HIGIANOPOLIS - JANDIRA            06642270                                                            000074
2SR. CAIXA, APOS O VENCIMENTO COBRAR 10% DE MULTA                                NAO RECEBER APOS 30 DIAS DO VENCIMENTO.                                                                                                                                                                                                         01111900000000000000111190000000000000       0090770900016748113819111911000075
100000000000000000000009077090001674800000000000000000000000010002100020105511191800000000002            2  01201055111909111900000002338940000000001N011119000000000000000000000000000000000000000000000000000000000000000100020105503827VALTER DE SOUSA LIBARINO FILHO          RUA DAS PAINEIRAS - 140 - BAIRRO LARANJE            07741205                                                            000077
2SR. CAIXA, APOS O VENCIMENTO COBRAR 10% DE MULTA                                NAO RECEBER APOS 30 DIAS DO VENCIMENTO.                                                                                                                                                                                                         01111900000000000000111190000000000000       0090770900016748201055111918000078
100000000000000000000009077090001674800000000000000000000000010002100003010511191500000000002            2  01030105111909111900000002527230000000001N011119000000000000000000000000000000000000000000000000000000000000000100003010502877GIZELA VIEIRA BARROS                    RUA GIACOMO DALCIN - 157 - NOVA GERTY -             09580350                                                            000080
2SR. CAIXA, APOS O VENCIMENTO COBRAR 10% DE MULTA                                NAO RECEBER APOS 30 DIAS DO VENCIMENTO.                                                                                                                                                                                                         01111900000000000000111190000000000000       0090770900016748030105111915000081
100000000000000000000009077090001674800000000000000000000000010002100036712511191600000000002            2  01367125111909111900000001882560000000001N011119000000000000000000000000000000000000000000000000000000000000000100036712580803WALTER BARRETO DE ALMEIDA               RUA MONTE CASTELO - 296 AP.44 - AVIACAO             11702720                                                            000083
2SR. CAIXA, APOS O VENCIMENTO COBRAR 10% DE MULTA                                NAO RECEBER APOS 30 DIAS DO VENCIMENTO.                                                                                                                                                                                                         01111900000000000000111190000000000000       0090770900016748367125111916000084
100000000000000000000009077090001674800000000000000000000000010002100004213011191P00000000002            2  01042130111909111900000001839360000000001N011119000000000000000000000000000000000000000000000000000000000000000100004213020894ELIETE DRUGOVICH DE LIMA                RUA OSVALDO CRUZ - 141 AP.144-B - SANTA             09541270                                                            000086
2SR. CAIXA, APOS O VENCIMENTO COBRAR 10% DE MULTA                                NAO RECEBER APOS 30 DIAS DO VENCIMENTO.                                                                                                                                                                                                         01111900000000000000111190000000000000       009077090001674804213011191P000087
9                                                                                                                                                                                                                                                                                                                                                                                                         000088