01REMESSA01COBRANCA       00000000000004991454AIRES CONSTRUTORA E INCORPORAD237BRADESCO       100818        MX0000114                                                                                                                                                                                                                                                                                     000001
100000000000000000000009077090001674800000000000000000000000010002100049736708182600000000002            2  01497367081824081800000001379370000000001N100818000000000000000000000000000000000000000000000000000000000000000100049736787320RAIMUNDO VIEIRA DA SILVA                RUA BOLIVIA - 81 AP.ZELADORIA - JARDIM G            11701850                                                            000002
2SR. CAIXA, APOS O VENCIMENTO COBRAR 10% DE MULTA                                NAO RECEBER APOS 30 DIAS DO VENCIMENTO.                                                                                                                                                                                                         10081800000000000001008180000000000000       0090770900016748497367081826000003
100000000000000000000009077090001674800000000000000000000000010002100068806208181800000000002            2  01688062081824081800000001224190000000001N100818000000000000000000000000000000000000000000000000000000000000000100068806272853FATIMA MOREIRA SALOMAO                  RUA TORQUATO DE CAMILLO - 84 - CARANDA B            79032031                                                            000005
2SR. CAIXA, APOS O VENCIMENTO COBRAR 10% DE MULTA                                NAO RECEBER APOS 30 DIAS DO VENCIMENTO.                                                                                                                                                                                                         10081800000000000001008180000000000000       0090770900016748688062081818000006
100000000000000000000009077090001674800000000000000000000000010002100004201608181400000000002            2  01042016081824081800000001777980000000001N100818000000000000000000000000000000000000000000000000000000000000000100004201640817SANDRA APARECIDA TOJAL                  AVENIDA MASCOTE - 81 AP.132 BL.A - VILA             04363000                                                            000008
2SR. CAIXA, APOS O VENCIMENTO COBRAR 10% DE MULTA                                NAO RECEBER APOS 30 DIAS DO VENCIMENTO.                                                                                                                                                                                                         10081800000000000001008180000000000000       0090770900016748042016081814000009
100000000000000000000009077090001674800000000000000000000000010002100025278908181800000000002            2  01252789081824081800000001903990000000001N100818000000000000000000000000000000000000000000000000000000000000000100025278913819FERNANDO LOPES DA SILVA                 RUA RUBEN DE SOUZA - 387 AP.24A - VILA I            04653170                                                            000011
2SR. CAIXA, APOS O VENCIMENTO COBRAR 10% DE MULTA                                NAO RECEBER APOS 30 DIAS DO VENCIMENTO.                                                                                                                                                                                                         10081800000000000001008180000000000000       0090770900016748252789081818000012
100000000000000000000009077090001674800000000000000000000000010002100000024608181900000000002            2  01000246081824081800000002116660000000001N100818000000000000000000000000000000000000000000000000000000000000000100000024633852JAYME MASRI                             RUA MONTE CASTELO - 296 AP.24 - BAIRRO A            11702720                                                            000014
2SR. CAIXA, APOS O VENCIMENTO COBRAR 10% DE MULTA                                NAO RECEBER APOS 30 DIAS DO VENCIMENTO.                                                                                                                                                                                                         10081800000000000001008180000000000000       0090770900016748000246081819000015
100000000000000000000009077090001674800000000000000000000000010002100013184408181200000000002            2  01131844081824081800000002197840000000001N100818000000000000000000000000000000000000000000000000000000000000000100013184404838CLAUDIO GOMES BAHIA                     RUA MARIA CONCEICAO - 89 - VILA SAO PEDR            07032070                                                            000017
2SR. CAIXA, APOS O VENCIMENTO COBRAR 10% DE MULTA                                NAO RECEBER APOS 30 DIAS DO VENCIMENTO.                                                                                                                                                                                                         10081800000000000001008180000000000000       0090770900016748131844081812000018
100000000000000000000009077090001674800000000000000000000000010002100006055508181800000000002            2  01060555081824081800000003328280000000001N100818000000000000000000000000000000000000000000000000000000000000000100006055565803EDSON ALVES                             RUA EDGAR CODAZZI - 49 CASA 02 - CIDADE             08225280                                                            000020
2SR. CAIXA, APOS O VENCIMENTO COBRAR 10% DE MULTA                                NAO RECEBER APOS 30 DIAS DO VENCIMENTO.                                                                                                                                                                                                         10081800000000000001008180000000000000       0090770900016748060555081818000021
100000000000000000000009077090001674800000000000000000000000010002100021899208181100000000002            2  01218992081824081800000002424990000000001N100818000000000000000000000000000000000000000000000000000000000000000100021899277811ALESSANDRE ALVES ANDRADE                RUA MONTE CASTELO - 262 AP.132 - AVIACAO            11702720                                                            000023
2SR. CAIXA, APOS O VENCIMENTO COBRAR 10% DE MULTA                                NAO RECEBER APOS 30 DIAS DO VENCIMENTO.                                                                                                                                                                                                         10081800000000000001008180000000000000       0090770900016748218992081811000024
100000000000000000000009077090001674800000000000000000000000010002100003441208181600000000002            2  01034412081824081800000002114450000000001N100818000000000000000000000000000000000000000000000000000000000000000100003441232860LUIZ CARLOS CAMARGO BIANCHI             RUA GENERAL LEITE DE CASTRO - 200 - JARD            04182020                                                            000026
2SR. CAIXA, APOS O VENCIMENTO COBRAR 10% DE MULTA                                NAO RECEBER APOS 30 DIAS DO VENCIMENTO.                                                                                                                                                                                                         10081800000000000001008180000000000000       0090770900016748034412081816000027
100000000000000000000009077090001674800000000000000000000000010002100014681408181500000000002            2  01146814081824081800000002193570000000001N100818000000000000000000000000000000000000000000000000000000000000000100014681490830HUMBERTO MOZART CALIXTO                 RUA MONTE CASTELO - 296 AP.41 - AVIACAO             11702720                                                            000029
2SR. CAIXA, APOS O VENCIMENTO COBRAR 10% DE MULTA                                NAO RECEBER APOS 30 DIAS DO VENCIMENTO.                                                                                                                                                                                                         10081800000000000001008180000000000000       0090770900016748146814081815000030
100000000000000000000009077090001674800000000000000000000000010002100023007708181800000000002            2  01230077081824081800000001793610000000001N100818000000000000000000000000000000000000000000000000000000000000000100023007705800BRUNA ANTUN AZEVEDO                     RUA MONTE CASTELO - 296 AP.62 - AVIACAO             11702720                                                            000032
2SR. CAIXA, APOS O VENCIMENTO COBRAR 10% DE MULTA                                NAO RECEBER APOS 30 DIAS DO VENCIMENTO.                                                                                                                                                                                                         10081800000000000001008180000000000000       0090770900016748230077081818000033
100000000000000000000009077090001674800000000000000000000000010002100006550708181600000000002            2  01065507081824081800000001851860000000001N100818000000000000000000000000000000000000000000000000000000000000000100006550730864IVONE APARECIDA VIEIRA GADI TEIXEIRA    RUA SAO FLORENCIO  - 1500 AP.44 BLOCO 01            03733020                                                            000035
2SR. CAIXA, APOS O VENCIMENTO COBRAR 10% DE MULTA                                NAO RECEBER APOS 30 DIAS DO VENCIMENTO.                                                                                                                                                                                                         10081800000000000001008180000000000000       0090770900016748065507081816000036
100000000000000000000009077090001674800000000000000000000000010002100000930608181000000000002            2  01009306081824081800000003342770000000001N100818000000000000000000000000000000000000000000000000000000000000000100000930668642VALERIA RODRIGUES DANTAS                RUA MONTE CASTELO - 262 AP.21 - AVIACAO             11702720                                                            000038
2SR. CAIXA, APOS O VENCIMENTO COBRAR 10% DE MULTA                                NAO RECEBER APOS 30 DIAS DO VENCIMENTO.                                                                                                                                                                                                         10081800000000000001008180000000000000       0090770900016748009306081810000039
100000000000000000000009077090001674800000000000000000000000010002100084057908181400000000002            2  01840579081827081800000002000000000000001N100818000000000000000000000000000000000000000000000000000000000000000100084057904891ANTONIO GONZAGA DOS SANTOS              RUA BRIGADEIRO JOSE FERREIRA - 319 - CAN            11700470                                                            000041
2SR. CAIXA, APOS O VENCIMENTO COBRAR 10% DE MULTA                                NAO RECEBER APOS 30 DIAS DO VENCIMENTO.                                                                                                                                                                                                         10081800000000000001008180000000000000       0090770900016748840579081814000042
100000000000000000000009077090001674800000000000000000000000010002100075574008181400000000002            2  01755740081824081800000002866580000000001N100818000000000000000000000000000000000000000000000000000000000000000100075574063891CASSIO TADEU DA SILVEIRA                RUA CONSELHEIRO MOREIRA DE BARROS - 1.55            02430000                                                            000044
2SR. CAIXA, APOS O VENCIMENTO COBRAR 10% DE MULTA                                NAO RECEBER APOS 30 DIAS DO VENCIMENTO.                                                                                                                                                                                                         10081800000000000001008180000000000000       0090770900016748755740081814000045
100000000000000000000009077090001674800000000000000000000000010002100000764608181200000000002            2  01007646081824081800000002119980000000001N100818000000000000000000000000000000000000000000000000000000000000000100000764632817LUIZ CARLOS ANTUNES JUNIOR              RUA MONTE CASTELO - 262 AP.35 - AVIACAO             11702720                                                            000047
2SR. CAIXA, APOS O VENCIMENTO COBRAR 10% DE MULTA                                NAO RECEBER APOS 30 DIAS DO VENCIMENTO.                                                                                                                                                                                                         10081800000000000001008180000000000000       0090770900016748007646081812000048
100000000000000000000009077090001674800000000000000000000000010002100027317608181200000000002            2  01273176081824081800000002077980000000001N100818000000000000000000000000000000000000000000000000000000000000000100027317668591ERONILTON SOUSA MOTA                    AVENIDA PRESIDENTE KENNEDY - 3203 - AVIA            11701330                                                            000050
2SR. CAIXA, APOS O VENCIMENTO COBRAR 10% DE MULTA                                NAO RECEBER APOS 30 DIAS DO VENCIMENTO.                                                                                                                                                                                                         10081800000000000001008180000000000000       0090770900016748273176081812000051
100000000000000000000009077090001674800000000000000000000000010002100066104108181200000000002            2  01661041081824081800000002143160000000001N100818000000000000000000000000000000000000000000000000000000000000000100066104106820ANADIR FERREIRA                         RUA MONTE CASTELO - 296 AP.61 - AVIACAO             11702720                                                            000053
2SR. CAIXA, APOS O VENCIMENTO COBRAR 10% DE MULTA                                NAO RECEBER APOS 30 DIAS DO VENCIMENTO.                                                                                                                                                                                                         10081800000000000001008180000000000000       0090770900016748661041081812000054
100000000000000000000009077090001674800000000000000000000000010002100072078308181P00000000002            2  01720783081824081800000001077580000000001N100818000000000000000000000000000000000000000000000000000000000000000100072078332704FATIMA DA CONCEICAO BEZERRA             RUA DO MANIFESTO - 2.822 CASA 5 - IPIRAN            04209003                                                            000056
2SR. CAIXA, APOS O VENCIMENTO COBRAR 10% DE MULTA                                NAO RECEBER APOS 30 DIAS DO VENCIMENTO.                                                                                                                                                                                                         10081800000000000001008180000000000000       009077090001674872078308181P000057
100000000000000000000009077090001674800000000000000000000000010002100057014508181900000000002            2  01570145081824081800000002406260000000001N100818000000000000000000000000000000000000000000000000000000000000000100057014582887SONIA MARIA DA SILVA PEGORARO           RUA FRANCO PAULISTA  - 80 - AGUA FRIA -             02332030                                                            000059
2SR. CAIXA, APOS O VENCIMENTO COBRAR 10% DE MULTA                                NAO RECEBER APOS 30 DIAS DO VENCIMENTO.                                                                                                                                                                                                         10081800000000000001008180000000000000       0090770900016748570145081819000060
100000000000000000000009077090001674800000000000000000000000010002100006505308181600000000002            2  01065053081824081800000002615360000000001N100818000000000000000000000000000000000000000000000000000000000000000100006505382852LUIS ANTONIO DINIS HENRIQUES            RUA ESTEVAO  BAIAO - 520 AP.93A - CAMPO             04624002                                                            000062
2SR. CAIXA, APOS O VENCIMENTO COBRAR 10% DE MULTA                                NAO RECEBER APOS 30 DIAS DO VENCIMENTO.                                                                                                                                                                                                         10081800000000000001008180000000000000       0090770900016748065053081816000063
100000000000000000000009077090001674800000000000000000000000010002100011544708181900000000002            2  01115447081824081800000004751160000000001N100818000000000000000000000000000000000000000000000000000000000000000100011544777620GRACIELY RODRIGUES FERNANDES            RUA MONTE CASTELO - 262 AP.111 - AVIACAO            11702720                                                            000065
2SR. CAIXA, APOS O VENCIMENTO COBRAR 10% DE MULTA                                NAO RECEBER APOS 30 DIAS DO VENCIMENTO.                                                                                                                                                                                                         10081800000000000001008180000000000000       0090770900016748115447081819000066
100000000000000000000009077090001674800000000000000000000000010002100005629008181300000000002            2  01056290081824081800000003455500000000001N100818000000000000000000000000000000000000000000000000000000000000000100005629087819ROMILDO MARTINS PIZA                    RUA MAESTRO ARTURO DE ANGELIS - 190 AP.3            05139010                                                            000068
2SR. CAIXA, APOS O VENCIMENTO COBRAR 10% DE MULTA                                NAO RECEBER APOS 30 DIAS DO VENCIMENTO.                                                                                                                                                                                                         10081800000000000001008180000000000000       0090770900016748056290081813000069
100000000000000000000009077090001674800000000000000000000000010002100004290908181200000000002            2  01042909081824081800000001841900000000001N100818000000000000000000000000000000000000000000000000000000000000000100004290973876WLADIMIR PAIOLA BORREGO                 RUA GOMES - 429 - VILA IVONE - SAO PAULO            03275010                                                            000071
2SR. CAIXA, APOS O VENCIMENTO COBRAR 10% DE MULTA                                NAO RECEBER APOS 30 DIAS DO VENCIMENTO.                                                                                                                                                                                                         10081800000000000001008180000000000000       0090770900016748042909081812000072
100000000000000000000009077090001674800000000000000000000000010002100034325508181800000000002            2  01343255081824081800000001743770000000001N100818000000000000000000000000000000000000000000000000000000000000000100034325567801LUIZ FERNANDO ALAMINO                   RUA MONTE CASTELO - 296 AP.21 - AVIACAO             11702720                                                            000074
2SR. CAIXA, APOS O VENCIMENTO COBRAR 10% DE MULTA                                NAO RECEBER APOS 30 DIAS DO VENCIMENTO.                                                                                                                                                                                                         10081800000000000001008180000000000000       0090770900016748343255081818000075
100000000000000000000009077090001674800000000000000000000000010002100018272708181300000000002            2  01182727081827081800000001800000000000001N100818000000000000000000000000000000000000000000000000000000000000000100018272729881HENRY CESAR UEDA                        RUA MONTE CASTELO - 295 AP.94 - AVIACAO             11702720                                                            000077
2SR. CAIXA, APOS O VENCIMENTO COBRAR 10% DE MULTA                                NAO RECEBER APOS 30 DIAS DO VENCIMENTO.                                                                                                                                                                                                         10081800000000000001008180000000000000       0090770900016748182727081813000078
100000000000000000000009077090001674800000000000000000000000010002100021335408181000000000002            2  01213354081824081800000001319570000000001N100818000000000000000000000000000000000000000000000000000000000000000100021335464808RAQUEL FERREIRA RAMOS                   RUA ANTONIO SEVERIANO DE ANDRADE E SILVA            11702400                                                            000080
2SR. CAIXA, APOS O VENCIMENTO COBRAR 10% DE MULTA                                NAO RECEBER APOS 30 DIAS DO VENCIMENTO.                                                                                                                                                                                                         10081800000000000001008180000000000000       0090770900016748213354081810000081
9                                                                                                                                                                                                                                                                                                                                                                                                         000082