01REMESSA01COBRANCA       00000000000004991788AIRES DESENVOLVIMENTO IMOBILIA237BRADESCO       010817        MX0000100                                                                                                                                                                                                                                                                                     000001
100000000000000000000009077090011897400000000000000000000000010002100000000194182000000000002            2  01000019418210081700000002351310000000001N010817000000000000000000000000000000000000000000000000000000000000000100021570843805RODRIGO LESSANDRO FREGATE               RUA JOSE PEDRO DORO - 451 BLOCO RIO GRAN            02880010                                                            000002
2SR. CAIXA, APOS O VENCIMENTO COBRAR 10% DE MULTA                                NAO RECEBER APOS 30 DIAS DO VENCIMENTO.                                                                                                                                                                                                         01081700000000000000108170000000000000       0090770900118974000001941820000003
100000000000000000000009077090011897400000000000000000000000010002100000055718375500000000002            2  01005571837510081700000002293170000000001N010817000000000000000000000000000000000000000000000000000000000000000100007456836817REGINA CELIA RONDELLI                   RUA CANANEIA - 168 APTO 134 BL.C2 - SANT            09060480                                                            000005
2SR. CAIXA, APOS O VENCIMENTO COBRAR 10% DE MULTA                                NAO RECEBER APOS 30 DIAS DO VENCIMENTO.                                                                                                                                                                                                         01081700000000000000108170000000000000       0090770900118974000557183755000006
100000000000000000000009077090011897400000000000000000000000010002100000057868478900000000002            2  01005786847810081700000002699750000000001N010817000000000000000000000000000000000000000000000000000000000000000100007508759842LAERCIO DA CRUZ FERREIRA                RUA JOSE BENEDITO SALINAS - 110 APTO 161            04674200                                                            000008
2SR. CAIXA, APOS O VENCIMENTO COBRAR 10% DE MULTA                                NAO RECEBER APOS 30 DIAS DO VENCIMENTO.                                                                                                                                                                                                         01081700000000000000108170000000000000       0090770900118974000578684789000009
100000000000000000000009077090011897400000000000000000000000010002100000061578882400000000002            2  01006157888210081700000002438930000000001N010817000000000000000000000000000000000000000000000000000000000000000100010653257899MARCIO DE SOUZA AZEVEDO                 RUA CASABLANCA - 105 - PARQUE MONTE ALEG            06756400                                                            000011
2SR. CAIXA, APOS O VENCIMENTO COBRAR 10% DE MULTA                                NAO RECEBER APOS 30 DIAS DO VENCIMENTO.                                                                                                                                                                                                         01081700000000000000108170000000000000       0090770900118974000615788824000012
100000000000000000000009077090011897400000000000000000000000010002100000062498983200000000002            2  01006249898310081700000002428090000000001N010817000000000000000000000000000000000000000000000000000000000000000100068006292868FRANCISCO VIEIRA SOUSA                  RUA SERRA DA CANTAREIRA - 104 - JARDIM E            06413090                                                            000014
2SR. CAIXA, APOS O VENCIMENTO COBRAR 10% DE MULTA                                NAO RECEBER APOS 30 DIAS DO VENCIMENTO.                                                                                                                                                                                                         01081700000000000000108170000000000000       0090770900118974000624989832000015
100000000000000000000009077090011897400000000000000000000000010002100000070589792400000000002            2  01007058979210081700000002890500000000001N010817000000000000000000000000000000000000000000000000000000000000000100022288772808FERNANDA TAVARES MASANO                 RUA JOSE CALIXTO DO CARMO - 265 AP. 124             11702690                                                            000017
2SR. CAIXA, APOS O VENCIMENTO COBRAR 10% DE MULTA                                NAO RECEBER APOS 30 DIAS DO VENCIMENTO.                                                                                                                                                                                                         01081700000000000000108170000000000000       0090770900118974000705897924000018
100000000000000000000009077090011897400000000000000000000000010002100000761710298300000000002            2  01076171029810081700000002699210000000001N010817000000000000000000000000000000000000000000000000000000000000000100032223890806ELISANGELA CAMARGO BRAGA                RUA JOSE CALIXTO DO CARMO - 265 AP.24 -             11702690                                                            000020
2SR. CAIXA, APOS O VENCIMENTO COBRAR 10% DE MULTA                                NAO RECEBER APOS 30 DIAS DO VENCIMENTO.                                                                                                                                                                                                         01081700000000000000108170000000000000       0090770900118974007617102983000021
100000000000000000000009077090011897400000000000000000000000010002100007867105101900000000002            2  01786710510110081700000002586230000000001N010817000000000000000000000000000000000000000000000000000000000000000100010177135883VERONICA DE LIMA SANTOS                 RUA ARAGAO - 1099 - TUCURUVI - SAO PAULO            02308001                                                            000023
2SR. CAIXA, APOS O VENCIMENTO COBRAR 10% DE MULTA                                NAO RECEBER APOS 30 DIAS DO VENCIMENTO.                                                                                                                                                                                                         01081700000000000000108170000000000000       0090770900118974078671051019000024
100000000000000000000009077090011897400000000000000000000000010002100008574113109700000000002            2  01857411310910081700000002568100000000001N010817000000000000000000000000000000000000000000000000000000000000000100031000769828ANDREIA CARLA SOUSA                     RUA JOSE CALIXTO DO CARMO - 265 AP.73 -             11702690                                                            000026
2SR. CAIXA, APOS O VENCIMENTO COBRAR 10% DE MULTA                                NAO RECEBER APOS 30 DIAS DO VENCIMENTO.                                                                                                                                                                                                         01081700000000000000108170000000000000       0090770900118974085741131097000027
100000000000000000000009077090011897400000000000000000000000010002100008750115111500000000002            2  01875011511110081700000003271210000000001N010817000000000000000000000000000000000000000000000000000000000000000100027324650899LUCIANO MARTINEZ                        RUA MORGADO DE MATEUS - 473 - VILA MARIA            04015051                                                            000029
2SR. CAIXA, APOS O VENCIMENTO COBRAR 10% DE MULTA                                NAO RECEBER APOS 30 DIAS DO VENCIMENTO.                                                                                                                                                                                                         01081700000000000000108170000000000000       0090770900118974087501151115000030
100000000000000000000009077090011897400000000000000000000000010002100009927129127100000000002            2  01992712912710081700000002283180000000001N010817000000000000000000000000000000000000000000000000000000000000000100005253129863ADILSON JOSE BORGES                     RUA CIRIACO JIMENEZ - 83 - PARQUE NACOES            02996070                                                            000032
2SR. CAIXA, APOS O VENCIMENTO COBRAR 10% DE MULTA                                NAO RECEBER APOS 30 DIAS DO VENCIMENTO.                                                                                                                                                                                                         01081700000000000000108170000000000000       0090770900118974099271291271000033
100000000000000000000009077090011897400000000000000000000000010002100010329136134600000000002            2  01103291361310081700000002412500000000001N010817000000000000000000000000000000000000000000000000000000000000000100003996827830RONALDO PINTO BORGES                    MAGNOLIA DELFIM DA SILVA - 44 - JARDIM O            05363040                                                            000035
2SR. CAIXA, APOS O VENCIMENTO COBRAR 10% DE MULTA                                NAO RECEBER APOS 30 DIAS DO VENCIMENTO.                                                                                                                                                                                                         01081700000000000000108170000000000000       0090770900118974103291361346000036
100000000000000000000009077090011897400000000000000000000000010002100001070022141300000000002            2  01107002214110081700000001407010000000001N010817000000000000000000000000000000000000000000000000000000000000000100012708342827ADRIANA RATIER CRUZ                     RUA JOSE CALIXTO DO CARMO - 295 APTO 31             11702690                                                            000038
2SR. CAIXA, APOS O VENCIMENTO COBRAR 10% DE MULTA                                NAO RECEBER APOS 30 DIAS DO VENCIMENTO.                                                                                                                                                                                                         01081700000000000000108170000000000000       0090770900118974010700221413000039
100000000000000000000009077090011897400000000000000000000000010002100010880143149400000000002            2  01108801431410081700000001210680000000001N010817000000000000000000000000000000000000000000000000000000000000000100000452415896MARILUCE SANTOS DE ALMEIDA              RUA JOSE CALIXTO DO CARMO - 295 AP.74 -             11702690                                                            000041
2SR. CAIXA, APOS O VENCIMENTO COBRAR 10% DE MULTA                                NAO RECEBER APOS 30 DIAS DO VENCIMENTO.                                                                                                                                                                                                         01081700000000000000108170000000000000       0090770900118974108801431494000042
100000000000000000000009077090011897400000000000000000000000010002100013414140181400000000002            2  01134141401805081700000001526270000000001N010817000000000000000000000000000000000000000000000000000000000000000100019851254800DOUGLAS TADEU DE ALMEIDA JECKS          RUA CONSELHEIRO ELIAS DE CARVALHO - 50 A            04373000                                                            000044
2SR. CAIXA, APOS O VENCIMENTO COBRAR 10% DE MULTA                                NAO RECEBER APOS 30 DIAS DO VENCIMENTO.                                                                                                                                                                                                         01081700000000000000108170000000000000       0090770900118974134141401814000045
100000000000000000000009077090011897400000000000000000000000010002100013426146182900000000002            2  01134261461811081700000001563110000000001N010817000000000000000000000000000000000000000000000000000000000000000100037491305822NATASHA SILVEIRA DA SILVA               RUA CONSELHEIRO ELIAS DE CARVALHO - 50 A            04373000                                                            000047
2SR. CAIXA, APOS O VENCIMENTO COBRAR 10% DE MULTA                                NAO RECEBER APOS 30 DIAS DO VENCIMENTO.                                                                                                                                                                                                         01081700000000000000108170000000000000       0090770900118974134261461829000048
100000000000000000000009077090011897400000000000000000000000010002100015538127207500000000002            2  01155381272001081700000003425810000000001N010817000000000000000000000000000000000000000000000000000000000000000100028379879805EDMILSON DANIEL GARCIA WATANUKI         RUA JOSE CALIXTO DO CARMO - 295  AP.64 -            11702690                                                            000050
2SR. CAIXA, APOS O VENCIMENTO COBRAR 10% DE MULTA                                NAO RECEBER APOS 30 DIAS DO VENCIMENTO.                                                                                                                                                                                                         01081700000000000000108170000000000000       0090770900118974155381272075000051
9                                                                                                                                                                                                                                                                                                                                                                                                         000052