01REMESSA01COBRANCA       00000000000004991454AIRES CONSTRUTORA E INCORPORAD237BRADESCO       120319        MX0000192                                                                                                                                                                                                                                                                                     000001
100000000000000000000009077090001674800000000000000000000000010002100049736703192600000000002            2  01497367031924031900000001453440000000001N110319000000000000000000000000000000000000000000000000000000000000000100049736787320RAIMUNDO VIEIRA DA SILVA                RUA BOLIVIA - 81 AP.ZELADORIA - JARDIM G            11701850                                                            000002
2SR. CAIXA, APOS O VENCIMENTO COBRAR 10% DE MULTA                                NAO RECEBER APOS 30 DIAS DO VENCIMENTO.                                                                                                                                                                                                         12031900000000000001203190000000000000       0090770900016748497367031926000003
100000000000000000000009077090001674800000000000000000000000010002100068806203191800000000002            2  01688062031924031900000001289920000000001N110319000000000000000000000000000000000000000000000000000000000000000100068806272853FATIMA MOREIRA SALOMAO                  RUA TORQUATO DE CAMILLO - 84 - CARANDA B            79032031                                                            000005
2SR. CAIXA, APOS O VENCIMENTO COBRAR 10% DE MULTA                                NAO RECEBER APOS 30 DIAS DO VENCIMENTO.                                                                                                                                                                                                         12031900000000000001203190000000000000       0090770900016748688062031918000006
100000000000000000000009077090001674800000000000000000000000010002100004201603191400000000002            2  01042016031924031900000001873450000000001N110319000000000000000000000000000000000000000000000000000000000000000100004201640817SANDRA APARECIDA TOJAL                  AVENIDA MASCOTE - 81 AP.132 BL.A - VILA             04363000                                                            000008
2SR. CAIXA, APOS O VENCIMENTO COBRAR 10% DE MULTA                                NAO RECEBER APOS 30 DIAS DO VENCIMENTO.                                                                                                                                                                                                         12031900000000000001203190000000000000       0090770900016748042016031914000009
100000000000000000000009077090001674800000000000000000000000010002100025278903191800000000002            2  01252789031924031900000002006210000000001N110319000000000000000000000000000000000000000000000000000000000000000100025278913819FERNANDO LOPES DA SILVA                 RUA RUBEN DE SOUZA - 387 AP.24A - VILA I            04653170                                                            000011
2SR. CAIXA, APOS O VENCIMENTO COBRAR 10% DE MULTA                                NAO RECEBER APOS 30 DIAS DO VENCIMENTO.                                                                                                                                                                                                         12031900000000000001203190000000000000       0090770900016748252789031918000012
100000000000000000000009077090001674800000000000000000000000010002100000024603191900000000002            2  01000246031924031900000002230300000000001N110319000000000000000000000000000000000000000000000000000000000000000100000024633852JAYME MASRI                             RUA MONTE CASTELO - 296 AP.24 - BAIRRO A            11702720                                                            000014
2SR. CAIXA, APOS O VENCIMENTO COBRAR 10% DE MULTA                                NAO RECEBER APOS 30 DIAS DO VENCIMENTO.                                                                                                                                                                                                         12031900000000000001203190000000000000       0090770900016748000246031919000015
100000000000000000000009077090001674800000000000000000000000010002100013184403191200000000002            2  01131844031924031900000002315850000000001N110319000000000000000000000000000000000000000000000000000000000000000100013184404838CLAUDIO GOMES BAHIA                     RUA MARIA CONCEICAO - 89 - VILA SAO PEDR            07032070                                                            000017
2SR. CAIXA, APOS O VENCIMENTO COBRAR 10% DE MULTA                                NAO RECEBER APOS 30 DIAS DO VENCIMENTO.                                                                                                                                                                                                         12031900000000000001203190000000000000       0090770900016748131844031912000018
100000000000000000000009077090001674800000000000000000000000010002100006055503191800000000002            2  01060555031924031900000003507000000000001N110319000000000000000000000000000000000000000000000000000000000000000100006055565803EDSON ALVES                             RUA EDGAR CODAZZI - 49 CASA 02 - CIDADE             08225280                                                            000020
2SR. CAIXA, APOS O VENCIMENTO COBRAR 10% DE MULTA                                NAO RECEBER APOS 30 DIAS DO VENCIMENTO.                                                                                                                                                                                                         12031900000000000001203190000000000000       0090770900016748060555031918000021
100000000000000000000009077090001674800000000000000000000000010002100021899203191100000000002            2  01218992031924031900000002555200000000001N110319000000000000000000000000000000000000000000000000000000000000000100021899277811ALESSANDRE ALVES ANDRADE                RUA MONTE CASTELO - 262 AP.132 - AVIACAO            11702720                                                            000023
2SR. CAIXA, APOS O VENCIMENTO COBRAR 10% DE MULTA                                NAO RECEBER APOS 30 DIAS DO VENCIMENTO.                                                                                                                                                                                                         12031900000000000001203190000000000000       0090770900016748218992031911000024
100000000000000000000009077090001674800000000000000000000000010002100003441203191600000000002            2  01034412031924031900000002228000000000001N110319000000000000000000000000000000000000000000000000000000000000000100003441232860LUIZ CARLOS CAMARGO BIANCHI             RUA GENERAL LEITE DE CASTRO - 200 - JARD            04182020                                                            000026
2SR. CAIXA, APOS O VENCIMENTO COBRAR 10% DE MULTA                                NAO RECEBER APOS 30 DIAS DO VENCIMENTO.                                                                                                                                                                                                         12031900000000000001203190000000000000       0090770900016748034412031916000027
100000000000000000000009077090001674800000000000000000000000010002100014681403191500000000002            2  01146814031924031900000002311360000000001N110319000000000000000000000000000000000000000000000000000000000000000100014681490830HUMBERTO MOZART CALIXTO                 RUA MONTE CASTELO - 296 AP.41 - AVIACAO             11702720                                                            000029
2SR. CAIXA, APOS O VENCIMENTO COBRAR 10% DE MULTA                                NAO RECEBER APOS 30 DIAS DO VENCIMENTO.                                                                                                                                                                                                         12031900000000000001203190000000000000       0090770900016748146814031915000030
100000000000000000000009077090001674800000000000000000000000010002100023007703191800000000002            2  01230077031924031900000001889910000000001N110319000000000000000000000000000000000000000000000000000000000000000100023007705800BRUNA ANTUN AZEVEDO                     RUA MONTE CASTELO - 296 AP.62 - AVIACAO             11702720                                                            000032
2SR. CAIXA, APOS O VENCIMENTO COBRAR 10% DE MULTA                                NAO RECEBER APOS 30 DIAS DO VENCIMENTO.                                                                                                                                                                                                         12031900000000000001203190000000000000       0090770900016748230077031918000033
100000000000000000000009077090001674800000000000000000000000010002100006550703191600000000002            2  01065507031924031900000001951300000000001N110319000000000000000000000000000000000000000000000000000000000000000100006550730864IVONE APARECIDA VIEIRA GADI TEIXEIRA    RUA SAO FLORENCIO  - 1500 AP.44 BLOCO 01            03733020                                                            000035
2SR. CAIXA, APOS O VENCIMENTO COBRAR 10% DE MULTA                                NAO RECEBER APOS 30 DIAS DO VENCIMENTO.                                                                                                                                                                                                         12031900000000000001203190000000000000       0090770900016748065507031916000036
100000000000000000000009077090001674800000000000000000000000010002100006550703192400000000002            2  01065507031924031900000001951300000000001N110319000000000000000000000000000000000000000000000000000000000000000100006550730864IVONE APARECIDA VIEIRA GADI TEIXEIRA    RUA SAO FLORENCIO  - 1500 AP.44 BLOCO 01            03733020                                                            000038
2SR. CAIXA, APOS O VENCIMENTO COBRAR 10% DE MULTA                                NAO RECEBER APOS 30 DIAS DO VENCIMENTO.                                                                                                                                                                                                         12031900000000000001203190000000000000       0090770900016748065507031924000039
100000000000000000000009077090001674800000000000000000000000010002100000930603191000000000002            2  01009306031924031900000003496050000000001N110319000000000000000000000000000000000000000000000000000000000000000100000930668642VALERIA RODRIGUES DANTAS                RUA MONTE CASTELO - 262 AP.21 - AVIACAO             11702720                                                            000041
2SR. CAIXA, APOS O VENCIMENTO COBRAR 10% DE MULTA                                NAO RECEBER APOS 30 DIAS DO VENCIMENTO.                                                                                                                                                                                                         12031900000000000001203190000000000000       0090770900016748009306031910000042
100000000000000000000009077090001674800000000000000000000000010002100075574003191400000000002            2  01755740031924031900000003020510000000001N110319000000000000000000000000000000000000000000000000000000000000000100075574063891CASSIO TADEU DA SILVEIRA                RUA CONSELHEIRO MOREIRA DE BARROS - 1.55            02430000                                                            000044
2SR. CAIXA, APOS O VENCIMENTO COBRAR 10% DE MULTA                                NAO RECEBER APOS 30 DIAS DO VENCIMENTO.                                                                                                                                                                                                         12031900000000000001203190000000000000       0090770900016748755740031914000045
100000000000000000000009077090001674800000000000000000000000010002100000764603191200000000002            2  01007646031924031900000002233820000000001N110319000000000000000000000000000000000000000000000000000000000000000100000764632817LUIZ CARLOS ANTUNES JUNIOR              RUA MONTE CASTELO - 262 AP.35 - AVIACAO             11702720                                                            000047
2SR. CAIXA, APOS O VENCIMENTO COBRAR 10% DE MULTA                                NAO RECEBER APOS 30 DIAS DO VENCIMENTO.                                                                                                                                                                                                         12031900000000000001203190000000000000       0090770900016748007646031912000048
100000000000000000000009077090001674800000000000000000000000010002100027317603191200000000002            2  01273176031924031900000002189560000000001N110319000000000000000000000000000000000000000000000000000000000000000100027317668591ERONILTON SOUSA MOTA                    AVENIDA PRESIDENTE KENNEDY - 3203 - AVIA            11701330                                                            000050
2SR. CAIXA, APOS O VENCIMENTO COBRAR 10% DE MULTA                                NAO RECEBER APOS 30 DIAS DO VENCIMENTO.                                                                                                                                                                                                         12031900000000000001203190000000000000       0090770900016748273176031912000051
100000000000000000000009077090001674800000000000000000000000010002100066104103191200000000002            2  01661041031924031900000002258240000000001N110319000000000000000000000000000000000000000000000000000000000000000100066104106820ANADIR FERREIRA                         RUA MONTE CASTELO - 296 AP.61 - AVIACAO             11702720                                                            000053
2SR. CAIXA, APOS O VENCIMENTO COBRAR 10% DE MULTA                                NAO RECEBER APOS 30 DIAS DO VENCIMENTO.                                                                                                                                                                                                         12031900000000000001203190000000000000       0090770900016748661041031912000054
100000000000000000000009077090001674800000000000000000000000010002100057014503191900000000002            2  01570145031924031900000002535460000000001N110319000000000000000000000000000000000000000000000000000000000000000100057014582887SONIA MARIA DA SILVA PEGORARO           RUA FRANCO PAULISTA  - 80 - AGUA FRIA -             02332030                                                            000056
2SR. CAIXA, APOS O VENCIMENTO COBRAR 10% DE MULTA                                NAO RECEBER APOS 30 DIAS DO VENCIMENTO.                                                                                                                                                                                                         12031900000000000001203190000000000000       0090770900016748570145031919000057
100000000000000000000009077090001674800000000000000000000000010002100006505303191600000000002            2  01065053031924031900000002755790000000001N110319000000000000000000000000000000000000000000000000000000000000000100006505382852LUIS ANTONIO DINIS HENRIQUES            RUA ESTEVAO  BAIAO - 520 AP.93A - CAMPO             04624002                                                            000059
2SR. CAIXA, APOS O VENCIMENTO COBRAR 10% DE MULTA                                NAO RECEBER APOS 30 DIAS DO VENCIMENTO.                                                                                                                                                                                                         12031900000000000001203190000000000000       0090770900016748065053031916000060
100000000000000000000009077090001674800000000000000000000000010002100011544703191900000000002            2  01115447031924031900000005006270000000001N110319000000000000000000000000000000000000000000000000000000000000000100011544777620GRACIELY RODRIGUES FERNANDES            RUA MONTE CASTELO - 262 AP.111 - AVIACAO            11702720                                                            000062
2SR. CAIXA, APOS O VENCIMENTO COBRAR 10% DE MULTA                                NAO RECEBER APOS 30 DIAS DO VENCIMENTO.                                                                                                                                                                                                         12031900000000000001203190000000000000       0090770900016748115447031919000063
100000000000000000000009077090001674800000000000000000000000010002100005629003191300000000002            2  01056290031924031900000003641040000000001N110319000000000000000000000000000000000000000000000000000000000000000100005629087819ROMILDO MARTINS PIZA                    RUA MAESTRO ARTURO DE ANGELIS - 190 AP.3            05139010                                                            000065
2SR. CAIXA, APOS O VENCIMENTO COBRAR 10% DE MULTA                                NAO RECEBER APOS 30 DIAS DO VENCIMENTO.                                                                                                                                                                                                         12031900000000000001203190000000000000       0090770900016748056290031913000066
100000000000000000000009077090001674800000000000000000000000010002100004290903191200000000002            2  01042909031924031900000001940800000000001N110319000000000000000000000000000000000000000000000000000000000000000100004290973876WLADIMIR PAIOLA BORREGO                 RUA GOMES - 429 - VILA IVONE - SAO PAULO            03275010                                                            000068
2SR. CAIXA, APOS O VENCIMENTO COBRAR 10% DE MULTA                                NAO RECEBER APOS 30 DIAS DO VENCIMENTO.                                                                                                                                                                                                         12031900000000000001203190000000000000       0090770900016748042909031912000069
100000000000000000000009077090001674800000000000000000000000010002100034325503191800000000002            2  01343255031924031900000001837420000000001N110319000000000000000000000000000000000000000000000000000000000000000100034325567801LUIZ FERNANDO ALAMINO                   RUA MONTE CASTELO - 296 AP.21 - AVIACAO             11702720                                                            000071
2SR. CAIXA, APOS O VENCIMENTO COBRAR 10% DE MULTA                                NAO RECEBER APOS 30 DIAS DO VENCIMENTO.                                                                                                                                                                                                         12031900000000000001203190000000000000       0090770900016748343255031918000072
100000000000000000000009077090001674800000000000000000000000010002100021335403191000000000002            2  01213354031924031900000001390430000000001N110319000000000000000000000000000000000000000000000000000000000000000100021335464808RAQUEL FERREIRA RAMOS                   RUA ANTONIO SEVERIANO DE ANDRADE E SILVA            11702400                                                            000074
2SR. CAIXA, APOS O VENCIMENTO COBRAR 10% DE MULTA                                NAO RECEBER APOS 30 DIAS DO VENCIMENTO.                                                                                                                                                                                                         12031900000000000001203190000000000000       0090770900016748213354031910000075
100000000000000000000009077090001674800000000000000000000000010002100005627903191P00000000002            2  01056279031924031900000001630420000000001N110319000000000000000000000000000000000000000000000000000000000000000100005627947861FERNANDO CESAR MARCELINO                TRAVESSA CHARLES LEBRUN - 83 - VILA NOVA            02312060                                                            000077
2SR. CAIXA, APOS O VENCIMENTO COBRAR 10% DE MULTA                                NAO RECEBER APOS 30 DIAS DO VENCIMENTO.                                                                                                                                                                                                         12031900000000000001203190000000000000       009077090001674805627903191P000078
100000000000000000000009077090001674800000000000000000000000010002100026187903191600000000002            2  01261879031924031900000001701380000000001N110319000000000000000000000000000000000000000000000000000000000000000100026187960807CARINA CANTACESSO DE SOUZA              RUA MONTE CASTELO - 296 AP.91 - AVIACAO             11702720                                                            000080
2SR. CAIXA, APOS O VENCIMENTO COBRAR 10% DE MULTA                                NAO RECEBER APOS 30 DIAS DO VENCIMENTO.                                                                                                                                                                                                         12031900000000000001203190000000000000       0090770900016748261879031916000081
100000000000000000000009077090001674800000000000000000000000010002100004864903191100000000002            2  01048649031924031900000002273990000000001N110319000000000000000000000000000000000000000000000000000000000000000100004864924600RENATO SANTACHIARA SALVADORI            RUA PENSYLVANIA - 116 - PAYSAGE BRISE -             06730000                                                            000083
2SR. CAIXA, APOS O VENCIMENTO COBRAR 10% DE MULTA                                NAO RECEBER APOS 30 DIAS DO VENCIMENTO.                                                                                                                                                                                                         12031900000000000001203190000000000000       0090770900016748048649031911000084
100000000000000000000009077090001674800000000000000000000000010002100026647603191800000000002            2  01266476031924031900000002518750000000001N110319000000000000000000000000000000000000000000000000000000000000000100026647690816CLAUDIA FUKUDA OGATA BURATTO            RUA DINAMARCA - 449 - BAIRRO TABOAO - SA            09668080                                                            000086
2SR. CAIXA, APOS O VENCIMENTO COBRAR 10% DE MULTA                                NAO RECEBER APOS 30 DIAS DO VENCIMENTO.                                                                                                                                                                                                         12031900000000000001203190000000000000       0090770900016748266476031918000087
9                                                                                                                                                                                                                                                                                                                                                                                                         000088