01REMESSA01COBRANCA       00000000000004991788AIRES DESENVOLVIMENTO IMOBILIA237BRADESCO       010319        MX0000148                                                                                                                                                                                                                                                                                     000001
100000000000000000000009077090011897400000000000000000000000010002100012708303191600000000002            2  01127083031910031900000001692170000000001N010319000000000000000000000000000000000000000000000000000000000000000100012708342827ADRIANA RATIER CRUZ                     RUA JOSE CALIXTO DO CARMO - 295 APTO 31             11702690                                                            000002
2SR. CAIXA, APOS O VENCIMENTO COBRAR 10% DE MULTA                                NAO RECEBER APOS 30 DIAS DO VENCIMENTO.                                                                                                                                                                                                         01031900000000000000103190000000000000       0090770900118974127083031916000003
100000000000000000000009077090011897400000000000000000000000010002100000452403191200000000002            2  01004524031910031900000001331010000000001N010319000000000000000000000000000000000000000000000000000000000000000100000452415896MARILUCE SANTOS DE ALMEIDA              RUA JOSE CALIXTO DO CARMO - 295 AP.74 -             11702690                                                            000005
2SR. CAIXA, APOS O VENCIMENTO COBRAR 10% DE MULTA                                NAO RECEBER APOS 30 DIAS DO VENCIMENTO.                                                                                                                                                                                                         01031900000000000000103190000000000000       0090770900118974004524031912000006
100000000000000000000009077090011897400000000000000000000000010002100003406903191300000000002            2  01034069031909031900000001492840000000001N010319000000000000000000000000000000000000000000000000000000000000000100003406972888RONALDO CANDIDO PANSONATO               AV. DOM JAIME DE BARROS CAMERA - 565 AP.            09895400                                                            000008
2SR. CAIXA, APOS O VENCIMENTO COBRAR 10% DE MULTA                                NAO RECEBER APOS 30 DIAS DO VENCIMENTO.                                                                                                                                                                                                         01031900000000000000103190000000000000       0090770900118974034069031913000009
100000000000000000000009077090011897400000000000000000000000010002100013191203191800000000002            2  01131912031911031900000001800000000000001N010319000000000000000000000000000000000000000000000000000000000000000100013191291881MARCELO RICARDO MASCAROS SOUTO          RUA MONTE CASTELO - 295 AP.102 - AVIACAO            11702720                                                            000011
2SR. CAIXA, APOS O VENCIMENTO COBRAR 10% DE MULTA                                NAO RECEBER APOS 30 DIAS DO VENCIMENTO.                                                                                                                                                                                                         01031900000000000000103190000000000000       0090770900118974131912031918000012
100000000000000000000009077090011897400000000000000000000000010002100028379803191500000000002            2  01283798031901031900000003434490000000001N010319000000000000000000000000000000000000000000000000000000000000000100028379879805EDMILSON DANIEL GARCIA WATANUKI         AV.PRESIDENTE CASTELO BRANCO - 4718 LOJA            11702700                                                            000014
2SR. CAIXA, APOS O VENCIMENTO COBRAR 10% DE MULTA                                NAO RECEBER APOS 30 DIAS DO VENCIMENTO.                                                                                                                                                                                                         01031900000000000000103190000000000000       0090770900118974283798031915000015
100000000000000000000009077090011897400000000000000000000000010002100037288703191300000000002            2  01372887031911031900000001550000000000001N010319000000000000000000000000000000000000000000000000000000000000000100037288754812EVERTON CARDOSO DOS SANTOS              RUA CONSELHEIRO ELIAS DE CARVALHO - 50 A            04373000                                                            000017
2SR. CAIXA, APOS O VENCIMENTO COBRAR 10% DE MULTA                                NAO RECEBER APOS 30 DIAS DO VENCIMENTO.                                                                                                                                                                                                         01031900000000000000103190000000000000       0090770900118974372887031913000018
100000000000000000000009077090011897400000000000000000000000010002100027102803191900000000002            2  01271028031901031900000001200000000000001N010319000000000000000000000000000000000000000000000000000000000000000100027102897847MICHEL RODRIGO LOPES TORRES             RUA BRIGADEIRO FARIA LIMA - 147 AP.152 -            11700630                                                            000020
2SR. CAIXA, APOS O VENCIMENTO COBRAR 10% DE MULTA                                NAO RECEBER APOS 30 DIAS DO VENCIMENTO.                                                                                                                                                                                                         01031900000000000000103190000000000000       0090770900118974271028031919000021
9                                                                                                                                                                                                                                                                                                                                                                                                         000022