01REMESSA01COBRANCA       00000000000004991788AIRES DESENVOLVIMENTO IMOBILIA237BRADESCO       010920        MX0000185                                                                                                                                                                                                                                                                                     000001
100000000000000000000009077090011897400000000000000000000000010002100027324009201700000000002            2  01273240092024092000000001797060000000001N010920000000000000000000000000000000000000000000000000000000000000000100027324099874LEONARDO BORGES DUARTE SILVA            RUA JOSE CALIXTO DO CARMO - 265 AP.94 -             11702690                                                            000002
2SR. CAIXA, APOS O VENCIMENTO COBRAR 10% DE MULTA                                NAO RECEBER APOS 30 DIAS DO VENCIMENTO.                                                                                                                                                                                                         01092000000000000000109200000000000000       0090770900118974273240092017000003
100000000000000000000009077090011897400000000000000000000000010002100027300909201200000000002            2  01273009092024092000000002013490000000001N010920000000000000000000000000000000000000000000000000000000000000000100027300953816HOSANA DOS SANTOS MOLEIRO               RUA JOSE CALIXTO DO CARMO - 295 AP.61 -             11702690                                                            000005
2SR. CAIXA, APOS O VENCIMENTO COBRAR 10% DE MULTA                                NAO RECEBER APOS 30 DIAS DO VENCIMENTO.                                                                                                                                                                                                         01092000000000000000109200000000000000       0090770900118974273009092012000006
100000000000000000000009077090011897400000000000000000000000010002100006476009201100000000002            2  01064760092024092000000001729950000000001N010920000000000000000000000000000000000000000000000000000000000000000100006476037803CLAUDIO JOSE LEMOS                      RUA MISSIONS - 127 - VILA BUENOS AIRES -            03736060                                                            000008
2SR. CAIXA, APOS O VENCIMENTO COBRAR 10% DE MULTA                                NAO RECEBER APOS 30 DIAS DO VENCIMENTO.                                                                                                                                                                                                         01092000000000000000109200000000000000       0090770900118974064760092011000009
100000000000000000000009077090011897400000000000000000000000010002100084057909201800000000002            2  01840579092027092000000002000000000000001N010920000000000000000000000000000000000000000000000000000000000000000100084057904891ANTONIO GONZAGA DOS SANTOS              RUA BRIGADEIRO JOSE FERREIRA - 319 - CAN            11700470                                                            000011
2SR. CAIXA, APOS O VENCIMENTO COBRAR 10% DE MULTA                                NAO RECEBER APOS 30 DIAS DO VENCIMENTO.                                                                                                                                                                                                         01092000000000000000109200000000000000       0090770900118974840579092018000012
9                                                                                                                                                                                                                                                                                                                                                                                                         000013